<S2SCTScf:SCTScfBlkCredTrf xsi:schemaLocation="urn:S2SCTScf:xsd:$SCTScfBlkCredTrf SCTScfBlkCredTrf.xsd" xmlns:xsi="http://www.w3.org/2001/XMLSchema-instance" xmlns:S2SCTScf="urn:S2SCTScf:xsd:$SCTScfBlkCredTrf">
   <S2SCTScf:SndgInst>ZYDOFRP0</S2SCTScf:SndgInst>
   <S2SCTScf:RcvgInst>BOFADEFX</S2SCTScf:RcvgInst>
   <S2SCTScf:SrvcId>SCT</S2SCTScf:SrvcId>
   <S2SCTScf:TstCode>T</S2SCTScf:TstCode>
   <S2SCTScf:FType>SCF</S2SCTScf:FType>
   <S2SCTScf:FileRef>703042710093366</S2SCTScf:FileRef>
   <S2SCTScf:RoutingInd>ALL</S2SCTScf:RoutingInd>
   <S2SCTScf:FileBusDt>2011-07-27</S2SCTScf:FileBusDt>
   <S2SCTScf:FileCycleNo>01</S2SCTScf:FileCycleNo>
 <S2SCTScf:FIToFICstmrCdtTrf xmlns="urn:iso:std:iso:20022:tech:xsd:pacs.008.001.02">
      <GrpHdr>
         <MsgId>703042710093366</MsgId>
         <CreDtTm>2011-03-02T01:18:31</CreDtTm>
         <NbOfTxs>5</NbOfTxs>
         <TtlIntrBkSttlmAmt Ccy="EUR">6000</TtlIntrBkSttlmAmt>
         <IntrBkSttlmDt>2012-10-04</IntrBkSttlmDt>
         <SttlmInf>
            <SttlmMtd>CLRG</SttlmMtd>
            <ClrSys>
               <Prtry>ST2</Prtry>
            </ClrSys>
         </SttlmInf>
         <InstgAgt>
            <FinInstnId>
               <BIC>ZYDOFRP0XXX</BIC>
            </FinInstnId>
         </InstgAgt>
         <InstdAgt>
            <FinInstnId>
               <BIC>BOFADEFXXXX</BIC>
            </FinInstnId>
         </InstdAgt>
      </GrpHdr>
           <CdtTrfTxInf>
         <PmtId>
            <InstrId>703043141878548</InstrId>
            <EndToEndId>703043141878548</EndToEndId>
            <TxId>703043141878548</TxId>
         </PmtId>
         <PmtTpInf>
            <SvcLvl>
               <Cd>SEPA</Cd>
            </SvcLvl>
         </PmtTpInf>
         <IntrBkSttlmAmt Ccy="EUR">467</IntrBkSttlmAmt>
         <IntrBkSttlmDt>2012-10-04</IntrBkSttlmDt>
         <InstdAmt Ccy="EUR">467</InstdAmt>
         <ChrgBr>SLEV</ChrgBr>
         <Dbtr>
            <Nm>Afrika Project</Nm>
            <Id>
               <OrgId>
                  <BICOrBEI>BARCDEFFXXX</BICOrBEI>
               </OrgId>
            </Id>
         </Dbtr>
         <DbtrAcct>
            <Id>
               <IBAN>DE75300700240236404000</IBAN>
            </Id>
         </DbtrAcct>
         <DbtrAgt>
            <FinInstnId>
               <BIC>ZYDOFRP0XXX</BIC>
            </FinInstnId>
         </DbtrAgt>
         <CdtrAgt>
            <FinInstnId>
               <BIC>BOFADEFX</BIC>
            </FinInstnId>
         </CdtrAgt>
         <Cdtr>
            <Nm>Fundtech Germany</Nm>
         </Cdtr>
         <CdtrAcct>
            <Id>
               <IBAN>DE75300700240236404000</IBAN>
            </Id>
         </CdtrAcct>
      </CdtTrfTxInf>
          <CdtTrfTxInf>
         <PmtId>
            <InstrId>703043142276455</InstrId>
            <EndToEndId>703043142276455</EndToEndId>
            <TxId>703043142276455</TxId>
         </PmtId>
         <PmtTpInf>
            <SvcLvl>
               <Cd>SEPA</Cd>
            </SvcLvl>
         </PmtTpInf>
         <IntrBkSttlmAmt Ccy="EUR">344</IntrBkSttlmAmt>
         <IntrBkSttlmDt>2012-10-04</IntrBkSttlmDt>
         <InstdAmt Ccy="EUR">344</InstdAmt>
         <ChrgBr>SLEV</ChrgBr>
         <Dbtr>
            <Nm>Afrika Project</Nm>
            <Id>
               <OrgId>
                  <BICOrBEI>BARCDEFFXXX</BICOrBEI>
               </OrgId>
            </Id>
         </Dbtr>
         <DbtrAcct>
            <Id>
               <IBAN>DE75300700240236404000</IBAN>
            </Id>
         </DbtrAcct>
         <DbtrAgt>
            <FinInstnId>
               <BIC>ZYDOFRP0XXX</BIC>
            </FinInstnId>
         </DbtrAgt>
         <CdtrAgt>
            <FinInstnId>
               <BIC>BOFADEFX</BIC>
            </FinInstnId>
         </CdtrAgt>
         <Cdtr>
            <Nm>Fundtech Germany</Nm>
         </Cdtr>
         <CdtrAcct>
            <Id>
               <IBAN>DE75300700240236404000</IBAN>
            </Id>
         </CdtrAcct>
      </CdtTrfTxInf>
          <CdtTrfTxInf>
         <PmtId>
            <InstrId>703043142434288</InstrId>
            <EndToEndId>703043142434288</EndToEndId>
            <TxId>703043142434288</TxId>
         </PmtId>
         <PmtTpInf>
            <SvcLvl>
               <Cd>SEPA</Cd>
            </SvcLvl>
         </PmtTpInf>
         <IntrBkSttlmAmt Ccy="EUR">318</IntrBkSttlmAmt>
         <IntrBkSttlmDt>2012-10-04</IntrBkSttlmDt>
         <InstdAmt Ccy="EUR">318</InstdAmt>
         <ChrgBr>SLEV</ChrgBr>
         <Dbtr>
            <Nm>Afrika Project</Nm>
            <Id>
               <OrgId>
                  <BICOrBEI>BARCDEFFXXX</BICOrBEI>
               </OrgId>
            </Id>
         </Dbtr>
         <DbtrAcct>
            <Id>
               <IBAN>DE75300700240236404000</IBAN>
            </Id>
         </DbtrAcct>
         <DbtrAgt>
            <FinInstnId>
               <BIC>ZYDOFRP0XXX</BIC>
            </FinInstnId>
         </DbtrAgt>
         <CdtrAgt>
            <FinInstnId>
               <BIC>BOFADEFX</BIC>
            </FinInstnId>
         </CdtrAgt>
         <Cdtr>
            <Nm>Fundtech Germany</Nm>
         </Cdtr>
         <CdtrAcct>
            <Id>
               <IBAN>DE75300700240236404000</IBAN>
            </Id>
         </CdtrAcct>
      </CdtTrfTxInf>
          <CdtTrfTxInf>
         <PmtId>
            <InstrId>703043142597720</InstrId>
            <EndToEndId>703043142597720</EndToEndId>
            <TxId>703043142597720</TxId>
         </PmtId>
         <PmtTpInf>
            <SvcLvl>
               <Cd>SEPA</Cd>
            </SvcLvl>
         </PmtTpInf>
         <IntrBkSttlmAmt Ccy="EUR">550</IntrBkSttlmAmt>
         <IntrBkSttlmDt>2012-10-04</IntrBkSttlmDt>
         <InstdAmt Ccy="EUR">550</InstdAmt>
         <ChrgBr>SLEV</ChrgBr>
         <Dbtr>
            <Nm>Afrika Project</Nm>
            <Id>
               <OrgId>
                  <BICOrBEI>BARCDEFFXXX</BICOrBEI>
               </OrgId>
            </Id>
         </Dbtr>
         <DbtrAcct>
            <Id>
               <IBAN>DE75300700240236404000</IBAN>
            </Id>
         </DbtrAcct>
         <DbtrAgt>
            <FinInstnId>
               <BIC>ZYDOFRP0XXX</BIC>
            </FinInstnId>
         </DbtrAgt>
         <CdtrAgt>
            <FinInstnId>
               <BIC>BOFADEFX</BIC>
            </FinInstnId>
         </CdtrAgt>
         <Cdtr>
            <Nm>Fundtech Germany</Nm>
         </Cdtr>
         <CdtrAcct>
            <Id>
               <IBAN>DE75300700240236404000</IBAN>
            </Id>
         </CdtrAcct>
      </CdtTrfTxInf>
          <CdtTrfTxInf>
         <PmtId>
            <InstrId>703043142761853</InstrId>
            <EndToEndId>703043142761853</EndToEndId>
            <TxId>703043142761853</TxId>
         </PmtId>
         <PmtTpInf>
            <SvcLvl>
               <Cd>SEPA</Cd>
            </SvcLvl>
         </PmtTpInf>
         <IntrBkSttlmAmt Ccy="EUR">568</IntrBkSttlmAmt>
         <IntrBkSttlmDt>2012-10-04</IntrBkSttlmDt>
         <InstdAmt Ccy="EUR">568</InstdAmt>
         <ChrgBr>SLEV</ChrgBr>
         <Dbtr>
            <Nm>Afrika Project</Nm>
            <Id>
               <OrgId>
                  <BICOrBEI>BARCDEFFXXX</BICOrBEI>
               </OrgId>
            </Id>
         </Dbtr>
         <DbtrAcct>
            <Id>
               <IBAN>DE75300700240236404000</IBAN>
            </Id>
         </DbtrAcct>
         <DbtrAgt>
            <FinInstnId>
               <BIC>ZYDOFRP0XXX</BIC>
            </FinInstnId>
         </DbtrAgt>
         <CdtrAgt>
            <FinInstnId>
               <BIC>BOFADEFX</BIC>
            </FinInstnId>
         </CdtrAgt>
         <Cdtr>
            <Nm>Fundtech Germany</Nm>
         </Cdtr>
         <CdtrAcct>
            <Id>
               <IBAN>DE75300700240236404000</IBAN>
            </Id>
         </CdtrAcct>
      </CdtTrfTxInf>

   </S2SCTScf:FIToFICstmrCdtTrf>
<S2SCTScf:PmtRtr xmlns="urn:iso:std:iso:20022:tech:xsd:pacs.004.001.02">
      <GrpHdr>
         <MsgId>703042710093366</MsgId>
         <CreDtTm>2010-08-18T01:18:31</CreDtTm>
         <NbOfTxs>5</NbOfTxs>
         <TtlRtrdIntrBkSttlmAmt Ccy="EUR">100</TtlRtrdIntrBkSttlmAmt>
         <IntrBkSttlmDt>2012-10-04</IntrBkSttlmDt>
         <SttlmInf>
            <SttlmMtd>CLRG</SttlmMtd>
            <ClrSys>
               <Prtry>ST2</Prtry>
            </ClrSys>
         </SttlmInf>
         <InstgAgt>
            <FinInstnId>
               <BIC>ZYDOFRP0XXX</BIC>
            </FinInstnId>
         </InstgAgt>
         <InstdAgt>
            <FinInstnId>
               <BIC>BOFADEFXXXX</BIC>
            </FinInstnId>
         </InstdAgt>
      </GrpHdr>
      <TxInf>
         <RtrId>703043099521916</RtrId>
         <OrgnlGrpInf>
            <OrgnlMsgId>AAA</OrgnlMsgId>
            <OrgnlMsgNmId>pacs.008a</OrgnlMsgNmId>
         </OrgnlGrpInf>
         <OrgnlEndToEndId>Muli004</OrgnlEndToEndId>
         <OrgnlTxId>132ID21052J60210</OrgnlTxId>
         <OrgnlIntrBkSttlmAmt Ccy="EUR">269</OrgnlIntrBkSttlmAmt>
         <RtrdIntrBkSttlmAmt Ccy="EUR">269</RtrdIntrBkSttlmAmt>
         <RtrRsnInf>
            <Orgtr>
               <Nm>JJJJ</Nm>
            </Orgtr>
            <Rsn>
               <Cd>AC01</Cd>
            </Rsn>
         </RtrRsnInf>
         <OrgnlTxRef>
            <IntrBkSttlmDt>2012-10-04</IntrBkSttlmDt>
            <SttlmInf>
               <SttlmMtd>CLRG</SttlmMtd>
            </SttlmInf>
            <PmtTpInf>
               <SvcLvl>
                  <Cd>SEPA</Cd>
               </SvcLvl>
            </PmtTpInf>
            <Dbtr>
               <Nm>Afrika Project</Nm>
            </Dbtr>
            <DbtrAcct>
               <Id>
                  <IBAN>DE75300700240236404000</IBAN>
               </Id>
            </DbtrAcct>
            <DbtrAgt>
               <FinInstnId>
                  <BIC>BOFADEFXXXX</BIC>
               </FinInstnId>
            </DbtrAgt>
            <CdtrAgt>
               <FinInstnId>
                  <BIC>BNABFRPPXXX</BIC>
               </FinInstnId>
            </CdtrAgt>
            <Cdtr>
               <Nm>aaaaaaaaa</Nm>
            </Cdtr>
            <CdtrAcct>
               <Id>
                  <IBAN>FR7630004006420002627496257</IBAN>
               </Id>
            </CdtrAcct>
         </OrgnlTxRef>
      </TxInf>
      <TxInf>
         <RtrId>703043099809235</RtrId>
         <OrgnlGrpInf>
            <OrgnlMsgId>AAA</OrgnlMsgId>
            <OrgnlMsgNmId>pacs.008a</OrgnlMsgNmId>
         </OrgnlGrpInf>
         <OrgnlEndToEndId>Muli004</OrgnlEndToEndId>
         <OrgnlTxId>132ID21053L60211</OrgnlTxId>
         <OrgnlIntrBkSttlmAmt Ccy="EUR">340</OrgnlIntrBkSttlmAmt>
         <RtrdIntrBkSttlmAmt Ccy="EUR">340</RtrdIntrBkSttlmAmt>
         <RtrRsnInf>
            <Orgtr>
               <Nm>JJJJ</Nm>
            </Orgtr>
            <Rsn>
               <Cd>AC01</Cd>
            </Rsn>
         </RtrRsnInf>
         <OrgnlTxRef>
            <IntrBkSttlmDt>2012-10-04</IntrBkSttlmDt>
            <SttlmInf>
               <SttlmMtd>CLRG</SttlmMtd>
            </SttlmInf>
            <PmtTpInf>
               <SvcLvl>
                  <Cd>SEPA</Cd>
               </SvcLvl>
            </PmtTpInf>
            <Dbtr>
               <Nm>Afrika Project</Nm>
            </Dbtr>
            <DbtrAcct>
               <Id>
                  <IBAN>DE75300700240236404000</IBAN>
               </Id>
            </DbtrAcct>
            <DbtrAgt>
               <FinInstnId>
                  <BIC>BOFADEFXXXX</BIC>
               </FinInstnId>
            </DbtrAgt>
            <CdtrAgt>
               <FinInstnId>
                  <BIC>BNABFRPPXXX</BIC>
               </FinInstnId>
            </CdtrAgt>
            <Cdtr>
               <Nm>aaaaaaaaa</Nm>
            </Cdtr>
            <CdtrAcct>
               <Id>
                  <IBAN>FR7630004006420002627496257</IBAN>
               </Id>
            </CdtrAcct>
         </OrgnlTxRef>
      </TxInf>
      <TxInf>
         <RtrId>703043099918773</RtrId>
         <OrgnlGrpInf>
            <OrgnlMsgId>AAA</OrgnlMsgId>
            <OrgnlMsgNmId>pacs.008a</OrgnlMsgNmId>
         </OrgnlGrpInf>
         <OrgnlEndToEndId>Muli004</OrgnlEndToEndId>
         <OrgnlTxId>132ID21054960212</OrgnlTxId>
         <OrgnlIntrBkSttlmAmt Ccy="EUR">173</OrgnlIntrBkSttlmAmt>
         <RtrdIntrBkSttlmAmt Ccy="EUR">173</RtrdIntrBkSttlmAmt>
         <RtrRsnInf>
            <Orgtr>
               <Nm>JJJJ</Nm>
            </Orgtr>
            <Rsn>
               <Cd>AC01</Cd>
            </Rsn>
         </RtrRsnInf>
         <OrgnlTxRef>
            <IntrBkSttlmDt>2012-10-04</IntrBkSttlmDt>
            <SttlmInf>
               <SttlmMtd>CLRG</SttlmMtd>
            </SttlmInf>
            <PmtTpInf>
               <SvcLvl>
                  <Cd>SEPA</Cd>
               </SvcLvl>
            </PmtTpInf>
            <Dbtr>
               <Nm>Afrika Project</Nm>
            </Dbtr>
            <DbtrAcct>
               <Id>
                  <IBAN>DE75300700240236404000</IBAN>
               </Id>
            </DbtrAcct>
            <DbtrAgt>
               <FinInstnId>
                  <BIC>BOFADEFXXXX</BIC>
               </FinInstnId>
            </DbtrAgt>
            <CdtrAgt>
               <FinInstnId>
                  <BIC>BNABFRPPXXX</BIC>
               </FinInstnId>
            </CdtrAgt>
            <Cdtr>
               <Nm>aaaaaaaaa</Nm>
            </Cdtr>
            <CdtrAcct>
               <Id>
                  <IBAN>FR7630004006420002627496257</IBAN>
               </Id>
            </CdtrAcct>
         </OrgnlTxRef>
      </TxInf>
      <TxInf>
         <RtrId>703043100030411</RtrId>
         <OrgnlGrpInf>
            <OrgnlMsgId>AAA</OrgnlMsgId>
            <OrgnlMsgNmId>pacs.008a</OrgnlMsgNmId>
         </OrgnlGrpInf>
         <OrgnlEndToEndId>Muli004</OrgnlEndToEndId>
         <OrgnlTxId>132ID21054O60213</OrgnlTxId>
         <OrgnlIntrBkSttlmAmt Ccy="EUR">594</OrgnlIntrBkSttlmAmt>
         <RtrdIntrBkSttlmAmt Ccy="EUR">594</RtrdIntrBkSttlmAmt>
         <RtrRsnInf>
            <Orgtr>
               <Nm>JJJJ</Nm>
            </Orgtr>
            <Rsn>
               <Cd>AC01</Cd>
            </Rsn>
         </RtrRsnInf>
         <OrgnlTxRef>
            <IntrBkSttlmDt>2012-10-04</IntrBkSttlmDt>
            <SttlmInf>
               <SttlmMtd>CLRG</SttlmMtd>
            </SttlmInf>
            <PmtTpInf>
               <SvcLvl>
                  <Cd>SEPA</Cd>
               </SvcLvl>
            </PmtTpInf>
            <Dbtr>
               <Nm>Afrika Project</Nm>
            </Dbtr>
            <DbtrAcct>
               <Id>
                  <IBAN>DE75300700240236404000</IBAN>
               </Id>
            </DbtrAcct>
            <DbtrAgt>
               <FinInstnId>
                  <BIC>BOFADEFXXXX</BIC>
               </FinInstnId>
            </DbtrAgt>
            <CdtrAgt>
               <FinInstnId>
                  <BIC>BNABFRPPXXX</BIC>
               </FinInstnId>
            </CdtrAgt>
            <Cdtr>
               <Nm>aaaaaaaaa</Nm>
            </Cdtr>
            <CdtrAcct>
               <Id>
                  <IBAN>FR7630004006420002627496257</IBAN>
               </Id>
            </CdtrAcct>
         </OrgnlTxRef>
      </TxInf>
      <TxInf>
         <RtrId>703043100139249</RtrId>
         <OrgnlGrpInf>
            <OrgnlMsgId>AAA</OrgnlMsgId>
            <OrgnlMsgNmId>pacs.008a</OrgnlMsgNmId>
         </OrgnlGrpInf>
         <OrgnlEndToEndId>Muli004</OrgnlEndToEndId>
         <OrgnlTxId>132ID21055360214</OrgnlTxId>
         <OrgnlIntrBkSttlmAmt Ccy="EUR">206</OrgnlIntrBkSttlmAmt>
         <RtrdIntrBkSttlmAmt Ccy="EUR">206</RtrdIntrBkSttlmAmt>
         <RtrRsnInf>
            <Orgtr>
               <Nm>JJJJ</Nm>
            </Orgtr>
            <Rsn>
               <Cd>AC01</Cd>
            </Rsn>
         </RtrRsnInf>
         <OrgnlTxRef>
            <IntrBkSttlmDt>2012-10-04</IntrBkSttlmDt>
            <SttlmInf>
               <SttlmMtd>CLRG</SttlmMtd>
            </SttlmInf>
            <PmtTpInf>
               <SvcLvl>
                  <Cd>SEPA</Cd>
               </SvcLvl>
            </PmtTpInf>
            <Dbtr>
               <Nm>Afrika Project</Nm>
            </Dbtr>
            <DbtrAcct>
               <Id>
                  <IBAN>DE75300700240236404000</IBAN>
               </Id>
            </DbtrAcct>
            <DbtrAgt>
               <FinInstnId>
                  <BIC>BOFADEFXXXX</BIC>
               </FinInstnId>
            </DbtrAgt>
            <CdtrAgt>
               <FinInstnId>
                  <BIC>BNABFRPPXXX</BIC>
               </FinInstnId>
            </CdtrAgt>
            <Cdtr>
               <Nm>aaaaaaaaa</Nm>
            </Cdtr>
            <CdtrAcct>
               <Id>
                  <IBAN>FR7630004006420002627496257</IBAN>
               </Id>
            </CdtrAcct>
         </OrgnlTxRef>
      </TxInf>

   </S2SCTScf:PmtRtr>
<S2SCTScf:FIToFIPmtCxlReq xmlns="urn:iso:std:iso:20022:tech:xsd:camt.056.001.01">
        <Assgnmt>
            <MsgId>703042710093366</MsgId>
            <Assgnr>
                <Agt>
                    <FinInstnId>
                        <BIC>ZYDOFRP0XXX</BIC>
                    </FinInstnId>
                </Agt>
            </Assgnr>
            <Assgne>
                <Agt>
                    <FinInstnId>
                        <BIC>BOFADEFXXXX</BIC>
                    </FinInstnId>
                </Agt>
            </Assgne>
            <CreDtTm>2001-12-17T09:30:47Z</CreDtTm>
        </Assgnmt>
        <CtrlData>
            <NbOfTxs>5</NbOfTxs>
            <CtrlSum>41723</CtrlSum>
        </CtrlData>  
  			<TxInf>
                <CxlId>891808954813095</CxlId>
                <OrgnlGrpInf>
                    <OrgnlMsgId>891808954813095</OrgnlMsgId>
                    <OrgnlMsgNmId>pacs.008</OrgnlMsgNmId>
                </OrgnlGrpInf>
                <OrgnlInstrId>891808954813095</OrgnlInstrId>
                <OrgnlEndToEndId>891808954813095</OrgnlEndToEndId>
                <OrgnlTxId>425580734062981</OrgnlTxId>
                <OrgnlIntrBkSttlmAmt Ccy="EUR">8504</OrgnlIntrBkSttlmAmt>
                <OrgnlIntrBkSttlmDt>2012-10-04</OrgnlIntrBkSttlmDt>
                <CxlRsnInf>
                    <Orgtr>
                        <Nm>!</Nm>
                    </Orgtr>
                    <Rsn>
                        <Cd>DUPL</Cd>
                    </Rsn>
                </CxlRsnInf>
                <OrgnlTxRef>
                    <SttlmInf>
                        <SttlmMtd>CLRG</SttlmMtd>
                        <ClrSys>
                            <Prtry>ST2</Prtry>
                        </ClrSys>
                    </SttlmInf>
                    <PmtTpInf>
                        <SvcLvl>
                            <Cd>SEPA</Cd>
                        </SvcLvl>
					<LclInstrm>
                       		<Cd></Cd>
                       	</LclInstrm>
                        <CtgyPurp>
                            <Cd>!</Cd>
                        </CtgyPurp>
                    </PmtTpInf>
                    <RmtInf>
                        <Ustrd>!</Ustrd>
                    </RmtInf>
                    <!--UltmtDbtr>    
                        <Nm>!</Nm>
                        <Id>
                            <OrgId>
                                <BICOrBEI>AAAAAA20</BICOrBEI>
                            </OrgId>
                        </Id>
                    </UltmtDbtr-->
                    <Dbtr>
                        <Nm>!</Nm>
                        <PstlAdr>
                            <Ctry>IT</Ctry>
                            <AdrLine>!</AdrLine>
                        </PstlAdr>
                        <Id>
                            <OrgId>
                                <BICOrBEI>AAAAAA20</BICOrBEI>
                            </OrgId>
                        </Id>
                    </Dbtr>
                    <DbtrAcct>
                        <Id>
                            <IBAN>DE61660908000008035105</IBAN>
                        </Id>
                    </DbtrAcct>
                    <DbtrAgt>
                        <FinInstnId>
                            <BIC>DEUTDEFF</BIC>
                        </FinInstnId>
                    </DbtrAgt>
                    <CdtrAgt>
                        <FinInstnId>
                            <BIC>BOFADEFX</BIC>
                        </FinInstnId>
                    </CdtrAgt>
                    <Cdtr>
                        <Nm>!</Nm>
                        <PstlAdr>
                            <Ctry>IT</Ctry>
                            <AdrLine>!</AdrLine>
                        </PstlAdr>
                        <Id>
                            <OrgId>
                                <BICOrBEI>BOFADEFX</BICOrBEI>
                            </OrgId>
                        </Id>
                    </Cdtr>
                    <CdtrAcct>
                        <Id>
                            <IBAN>DE75300700240236404000</IBAN>
                        </Id>
                    </CdtrAcct>
                    <UltmtCdtr>
                        <Nm>Fundtech</Nm>
                        <Id>
                            <OrgId>
                                <BICOrBEI>BOFADEFX</BICOrBEI>
                            </OrgId>
                        </Id>
                    </UltmtCdtr>
                </OrgnlTxRef>
            </TxInf>
			<TxInf>
                <CxlId>891808954813095</CxlId>
                <OrgnlGrpInf>
                    <OrgnlMsgId>891808954813095</OrgnlMsgId>
                    <OrgnlMsgNmId>pacs.008</OrgnlMsgNmId>
                </OrgnlGrpInf>
                <OrgnlInstrId>891808954813095</OrgnlInstrId>
                <OrgnlEndToEndId>891808954813095</OrgnlEndToEndId>
                <OrgnlTxId>425580734189317</OrgnlTxId>
                <OrgnlIntrBkSttlmAmt Ccy="EUR">9248</OrgnlIntrBkSttlmAmt>
                <OrgnlIntrBkSttlmDt>2012-10-04</OrgnlIntrBkSttlmDt>
                <CxlRsnInf>
                    <Orgtr>
                        <Nm>!</Nm>
                    </Orgtr>
                    <Rsn>
                        <Cd>DUPL</Cd>
                    </Rsn>
                </CxlRsnInf>
                <OrgnlTxRef>
                    <SttlmInf>
                        <SttlmMtd>CLRG</SttlmMtd>
                        <ClrSys>
                            <Prtry>ST2</Prtry>
                        </ClrSys>
                    </SttlmInf>
                    <PmtTpInf>
                        <SvcLvl>
                            <Cd>SEPA</Cd>
                        </SvcLvl>
					<LclInstrm>
                       		<Cd></Cd>
                       	</LclInstrm>
                        <CtgyPurp>
                            <Cd>!</Cd>
                        </CtgyPurp>
                    </PmtTpInf>
                    <RmtInf>
                        <Ustrd>!</Ustrd>
                    </RmtInf>
                    <!--UltmtDbtr>    
                        <Nm>!</Nm>
                        <Id>
                            <OrgId>
                                <BICOrBEI>AAAAAA20</BICOrBEI>
                            </OrgId>
                        </Id>
                    </UltmtDbtr-->
                    <Dbtr>
                        <Nm>!</Nm>
                        <PstlAdr>
                            <Ctry>IT</Ctry>
                            <AdrLine>!</AdrLine>
                        </PstlAdr>
                        <Id>
                            <OrgId>
                                <BICOrBEI>AAAAAA20</BICOrBEI>
                            </OrgId>
                        </Id>
                    </Dbtr>
                    <DbtrAcct>
                        <Id>
                            <IBAN>DE61660908000008035105</IBAN>
                        </Id>
                    </DbtrAcct>
                    <DbtrAgt>
                        <FinInstnId>
                            <BIC>DEUTDEFF</BIC>
                        </FinInstnId>
                    </DbtrAgt>
                    <CdtrAgt>
                        <FinInstnId>
                            <BIC>BOFADEFX</BIC>
                        </FinInstnId>
                    </CdtrAgt>
                    <Cdtr>
                        <Nm>!</Nm>
                        <PstlAdr>
                            <Ctry>IT</Ctry>
                            <AdrLine>!</AdrLine>
                        </PstlAdr>
                        <Id>
                            <OrgId>
                                <BICOrBEI>BOFADEFX</BICOrBEI>
                            </OrgId>
                        </Id>
                    </Cdtr>
                    <CdtrAcct>
                        <Id>
                            <IBAN>DE75300700240236404000</IBAN>
                        </Id>
                    </CdtrAcct>
                    <UltmtCdtr>
                        <Nm>Fundtech</Nm>
                        <Id>
                            <OrgId>
                                <BICOrBEI>BOFADEFX</BICOrBEI>
                            </OrgId>
                        </Id>
                    </UltmtCdtr>
                </OrgnlTxRef>
            </TxInf>
			<TxInf>
                <CxlId>891808954813095</CxlId>
                <OrgnlGrpInf>
                    <OrgnlMsgId>891808954813095</OrgnlMsgId>
                    <OrgnlMsgNmId>pacs.008</OrgnlMsgNmId>
                </OrgnlGrpInf>
                <OrgnlInstrId>891808954813095</OrgnlInstrId>
                <OrgnlEndToEndId>891808954813095</OrgnlEndToEndId>
                <OrgnlTxId>425580733536288</OrgnlTxId>
                <OrgnlIntrBkSttlmAmt Ccy="EUR">9717</OrgnlIntrBkSttlmAmt>
                <OrgnlIntrBkSttlmDt>2012-10-04</OrgnlIntrBkSttlmDt>
                <CxlRsnInf>
                    <Orgtr>
                        <Nm>!</Nm>
                    </Orgtr>
                    <Rsn>
                        <Cd>DUPL</Cd>
                    </Rsn>
                </CxlRsnInf>
                <OrgnlTxRef>
                    <SttlmInf>
                        <SttlmMtd>CLRG</SttlmMtd>
                        <ClrSys>
                            <Prtry>ST2</Prtry>
                        </ClrSys>
                    </SttlmInf>
                    <PmtTpInf>
                        <SvcLvl>
                            <Cd>SEPA</Cd>
                        </SvcLvl>
					<LclInstrm>
                       		<Cd></Cd>
                       	</LclInstrm>
                        <CtgyPurp>
                            <Cd>!</Cd>
                        </CtgyPurp>
                    </PmtTpInf>
                    <RmtInf>
                        <Ustrd>!</Ustrd>
                    </RmtInf>
                    <!--UltmtDbtr>    
                        <Nm>!</Nm>
                        <Id>
                            <OrgId>
                                <BICOrBEI>AAAAAA20</BICOrBEI>
                            </OrgId>
                        </Id>
                    </UltmtDbtr-->
                    <Dbtr>
                        <Nm>!</Nm>
                        <PstlAdr>
                            <Ctry>IT</Ctry>
                            <AdrLine>!</AdrLine>
                        </PstlAdr>
                        <Id>
                            <OrgId>
                                <BICOrBEI>AAAAAA20</BICOrBEI>
                            </OrgId>
                        </Id>
                    </Dbtr>
                    <DbtrAcct>
                        <Id>
                            <IBAN>DE61660908000008035105</IBAN>
                        </Id>
                    </DbtrAcct>
                    <DbtrAgt>
                        <FinInstnId>
                            <BIC>DEUTDEFF</BIC>
                        </FinInstnId>
                    </DbtrAgt>
                    <CdtrAgt>
                        <FinInstnId>
                            <BIC>BOFADEFX</BIC>
                        </FinInstnId>
                    </CdtrAgt>
                    <Cdtr>
                        <Nm>!</Nm>
                        <PstlAdr>
                            <Ctry>IT</Ctry>
                            <AdrLine>!</AdrLine>
                        </PstlAdr>
                        <Id>
                            <OrgId>
                                <BICOrBEI>BOFADEFX</BICOrBEI>
                            </OrgId>
                        </Id>
                    </Cdtr>
                    <CdtrAcct>
                        <Id>
                            <IBAN>DE75300700240236404000</IBAN>
                        </Id>
                    </CdtrAcct>
                    <UltmtCdtr>
                        <Nm>Fundtech</Nm>
                        <Id>
                            <OrgId>
                                <BICOrBEI>BOFADEFX</BICOrBEI>
                            </OrgId>
                        </Id>
                    </UltmtCdtr>
                </OrgnlTxRef>
            </TxInf>
			<TxInf>
                <CxlId>891808954813095</CxlId>
                <OrgnlGrpInf>
                    <OrgnlMsgId>891808954813095</OrgnlMsgId>
                    <OrgnlMsgNmId>pacs.008</OrgnlMsgNmId>
                </OrgnlGrpInf>
                <OrgnlInstrId>891808954813095</OrgnlInstrId>
                <OrgnlEndToEndId>891808954813095</OrgnlEndToEndId>
                <OrgnlTxId>425580733814158</OrgnlTxId>
                <OrgnlIntrBkSttlmAmt Ccy="EUR">5902</OrgnlIntrBkSttlmAmt>
                <OrgnlIntrBkSttlmDt>2012-10-04</OrgnlIntrBkSttlmDt>
                <CxlRsnInf>
                    <Orgtr>
                        <Nm>!</Nm>
                    </Orgtr>
                    <Rsn>
                        <Cd>DUPL</Cd>
                    </Rsn>
                </CxlRsnInf>
                <OrgnlTxRef>
                    <SttlmInf>
                        <SttlmMtd>CLRG</SttlmMtd>
                        <ClrSys>
                            <Prtry>ST2</Prtry>
                        </ClrSys>
                    </SttlmInf>
                    <PmtTpInf>
                        <SvcLvl>
                            <Cd>SEPA</Cd>
                        </SvcLvl>
					<LclInstrm>
                       		<Cd></Cd>
                       	</LclInstrm>
                        <CtgyPurp>
                            <Cd>!</Cd>
                        </CtgyPurp>
                    </PmtTpInf>
                    <RmtInf>
                        <Ustrd>!</Ustrd>
                    </RmtInf>
                    <!--UltmtDbtr>    
                        <Nm>!</Nm>
                        <Id>
                            <OrgId>
                                <BICOrBEI>AAAAAA20</BICOrBEI>
                            </OrgId>
                        </Id>
                    </UltmtDbtr-->
                    <Dbtr>
                        <Nm>!</Nm>
                        <PstlAdr>
                            <Ctry>IT</Ctry>
                            <AdrLine>!</AdrLine>
                        </PstlAdr>
                        <Id>
                            <OrgId>
                                <BICOrBEI>AAAAAA20</BICOrBEI>
                            </OrgId>
                        </Id>
                    </Dbtr>
                    <DbtrAcct>
                        <Id>
                            <IBAN>DE61660908000008035105</IBAN>
                        </Id>
                    </DbtrAcct>
                    <DbtrAgt>
                        <FinInstnId>
                            <BIC>DEUTDEFF</BIC>
                        </FinInstnId>
                    </DbtrAgt>
                    <CdtrAgt>
                        <FinInstnId>
                            <BIC>BOFADEFX</BIC>
                        </FinInstnId>
                    </CdtrAgt>
                    <Cdtr>
                        <Nm>!</Nm>
                        <PstlAdr>
                            <Ctry>IT</Ctry>
                            <AdrLine>!</AdrLine>
                        </PstlAdr>
                        <Id>
                            <OrgId>
                                <BICOrBEI>BOFADEFX</BICOrBEI>
                            </OrgId>
                        </Id>
                    </Cdtr>
                    <CdtrAcct>
                        <Id>
                            <IBAN>DE75300700240236404000</IBAN>
                        </Id>
                    </CdtrAcct>
                    <UltmtCdtr>
                        <Nm>Fundtech</Nm>
                        <Id>
                            <OrgId>
                                <BICOrBEI>BOFADEFX</BICOrBEI>
                            </OrgId>
                        </Id>
                    </UltmtCdtr>
                </OrgnlTxRef>
            </TxInf>
			<TxInf>
                <CxlId>891808954813095</CxlId>
                <OrgnlGrpInf>
                    <OrgnlMsgId>891808954813095</OrgnlMsgId>
                    <OrgnlMsgNmId>pacs.008</OrgnlMsgNmId>
                </OrgnlGrpInf>
                <OrgnlInstrId>891808954813095</OrgnlInstrId>
                <OrgnlEndToEndId>891808954813095</OrgnlEndToEndId>
                <OrgnlTxId>425580733940844</OrgnlTxId>
                <OrgnlIntrBkSttlmAmt Ccy="EUR">8352</OrgnlIntrBkSttlmAmt>
                <OrgnlIntrBkSttlmDt>2012-10-04</OrgnlIntrBkSttlmDt>
                <CxlRsnInf>
                    <Orgtr>
                        <Nm>!</Nm>
                    </Orgtr>
                    <Rsn>
                        <Cd>DUPL</Cd>
                    </Rsn>
                </CxlRsnInf>
                <OrgnlTxRef>
                    <SttlmInf>
                        <SttlmMtd>CLRG</SttlmMtd>
                        <ClrSys>
                            <Prtry>ST2</Prtry>
                        </ClrSys>
                    </SttlmInf>
                    <PmtTpInf>
                        <SvcLvl>
                            <Cd>SEPA</Cd>
                        </SvcLvl>
					<LclInstrm>
                       		<Cd></Cd>
                       	</LclInstrm>
                        <CtgyPurp>
                            <Cd>!</Cd>
                        </CtgyPurp>
                    </PmtTpInf>
                    <RmtInf>
                        <Ustrd>!</Ustrd>
                    </RmtInf>
                    <!--UltmtDbtr>    
                        <Nm>!</Nm>
                        <Id>
                            <OrgId>
                                <BICOrBEI>AAAAAA20</BICOrBEI>
                            </OrgId>
                        </Id>
                    </UltmtDbtr-->
                    <Dbtr>
                        <Nm>!</Nm>
                        <PstlAdr>
                            <Ctry>IT</Ctry>
                            <AdrLine>!</AdrLine>
                        </PstlAdr>
                        <Id>
                            <OrgId>
                                <BICOrBEI>AAAAAA20</BICOrBEI>
                            </OrgId>
                        </Id>
                    </Dbtr>
                    <DbtrAcct>
                        <Id>
                            <IBAN>DE61660908000008035105</IBAN>
                        </Id>
                    </DbtrAcct>
                    <DbtrAgt>
                        <FinInstnId>
                            <BIC>DEUTDEFF</BIC>
                        </FinInstnId>
                    </DbtrAgt>
                    <CdtrAgt>
                        <FinInstnId>
                            <BIC>BOFADEFX</BIC>
                        </FinInstnId>
                    </CdtrAgt>
                    <Cdtr>
                        <Nm>!</Nm>
                        <PstlAdr>
                            <Ctry>IT</Ctry>
                            <AdrLine>!</AdrLine>
                        </PstlAdr>
                        <Id>
                            <OrgId>
                                <BICOrBEI>BOFADEFX</BICOrBEI>
                            </OrgId>
                        </Id>
                    </Cdtr>
                    <CdtrAcct>
                        <Id>
                            <IBAN>DE75300700240236404000</IBAN>
                        </Id>
                    </CdtrAcct>
                    <UltmtCdtr>
                        <Nm>Fundtech</Nm>
                        <Id>
                            <OrgId>
                                <BICOrBEI>BOFADEFX</BICOrBEI>
                            </OrgId>
                        </Id>
                    </UltmtCdtr>
                </OrgnlTxRef>
            </TxInf>
          
       </S2SCTScf:FIToFIPmtCxlReq>  
<S2SCTScf:RsltnOfInvstgtn xmlns="urn:iso:std:iso:20022:tech:xsd:camt.029.001.03">
		<Assgnmt>
			<Id>345923430721879</Id>
			<Assgnr>
				<Agt>
					<FinInstnId>
						<BIC>ZYDOFRP0XXX</BIC>
					</FinInstnId>
				</Agt>
			</Assgnr>
			<Assgne>
				<Agt>
					<FinInstnId>
						<BIC>BOFADEFXXXX</BIC>
					</FinInstnId>
				</Agt>
			</Assgne>
			<CreDtTm>2011-07-26T09:21:23</CreDtTm>
		</Assgnmt>
		<Sts>
			<Conf>RJCR</Conf>
		</Sts>
		<CxlDtls>
			<TxInfAndSts>
				<CxlStsId>A45829263851D0P39</CxlStsId>
				<OrgnlGrpInf>
					<OrgnlMsgId>1289B385797H0661</OrgnlMsgId>
					<OrgnlMsgNmId>pacs.008</OrgnlMsgNmId>
				</OrgnlGrpInf>
				<OrgnlInstrId>345923430727875</OrgnlInstrId>
				<OrgnlEndToEndId>345923430727875</OrgnlEndToEndId>
				<OrgnlTxId>1327J4501PYT2641</OrgnlTxId>
				<TxCxlSts>RJCR</TxCxlSts>
				<CxlStsRsnInf>
					<Orgtr>
						<Nm>Fundtech</Nm>
					</Orgtr>
					<Rsn>
						<Cd>LEGL</Cd>
					</Rsn>
					<AddtlInf>Some reason or other</AddtlInf>
				</CxlStsRsnInf>
				<Assgnr>
					<Agt>
						<FinInstnId>
							<BIC>ZYDOFRP0XXX</BIC>
						</FinInstnId>
					</Agt>
				</Assgnr>
				<OrgnlTxRef>
					<IntrBkSttlmDt>2012-10-04</IntrBkSttlmDt>
					<SttlmInf>
						<SttlmMtd>CLRG</SttlmMtd>
						<ClrSys>
							<Prtry>ST2</Prtry>
						</ClrSys>
					</SttlmInf>
					<PmtTpInf>
						<SvcLvl>
							<Cd>SEPA</Cd>
						</SvcLvl>
						<LclInstrm>
							<Cd>!</Cd>
						</LclInstrm>
						<CtgyPurp>
							<Cd>!</Cd>
						</CtgyPurp>
					</PmtTpInf>
					<RmtInf>
						<Ustrd>!</Ustrd>
					</RmtInf>
					<UltmtDbtr>
						<Nm>Fundtech</Nm>
						<Id>
							<OrgId>
								<BICOrBEI>BOFDEFXXXX</BICOrBEI>
							</OrgId>
						</Id>
					</UltmtDbtr>
					<Dbtr>
						<Nm>Fundtech</Nm>
						<PstlAdr>
							<Ctry>IT</Ctry>
							<AdrLine>!</AdrLine>
						</PstlAdr>
						<Id>
							<OrgId>
								<BICOrBEI>BOFDEFXXXX</BICOrBEI>
							</OrgId>
						</Id>
					</Dbtr>
					<DbtrAcct>
						<Id>
							<IBAN>DE61660908000008035105</IBAN>
						</Id>
					</DbtrAcct>
					<DbtrAgt>
						<FinInstnId>
							<BIC>DEUTDEFF</BIC>
						</FinInstnId>
					</DbtrAgt>
					<CdtrAgt>
						<FinInstnId>
							<BIC>BOFADEFX</BIC>
						</FinInstnId>
					</CdtrAgt>
					<Cdtr>
						<Nm>Fundtech</Nm>
						<PstlAdr>
							<Ctry>IT</Ctry>
							<AdrLine>!</AdrLine>
						</PstlAdr>
						<Id>
							<OrgId>
								<BICOrBEI>BOFADEFX</BICOrBEI>
							</OrgId>
						</Id>
					</Cdtr>
					<CdtrAcct>
						<Id>
							<IBAN>DE75300700240236404000</IBAN>
						</Id>
					</CdtrAcct>
					<UltmtCdtr>
						<Nm>Fundtech</Nm>
						<Id>
							<OrgId>
								<BICOrBEI>BOFADEFX</BICOrBEI>
							</OrgId>
						</Id>
					</UltmtCdtr>
				</OrgnlTxRef>
			</TxInfAndSts>
		</CxlDtls>
		</S2SCTScf:RsltnOfInvstgtn>
</S2SCTScf:SCTScfBlkCredTrf>

