<S2SCTScf:SCTScfBlkCredTrf xsi:schemaLocation="urn:S2SCTScf:xsd:$SCTScfBlkCredTrf SCTScfBlkCredTrf.xsd" xmlns:xsi="http://www.w3.org/2001/XMLSchema-instance" xmlns:S2SCTScf="urn:S2SCTScf:xsd:$SCTScfBlkCredTrf">
	<S2SCTScf:SndgInst>ZYDOFRP0</S2SCTScf:SndgInst>
	<S2SCTScf:RcvgInst>BOFADEFX</S2SCTScf:RcvgInst>
	<S2SCTScf:SrvcId>SCT</S2SCTScf:SrvcId>
	<S2SCTScf:TstCode>T</S2SCTScf:TstCode>
	<S2SCTScf:FType>SCF</S2SCTScf:FType>
	<S2SCTScf:FileRef>73157471774585</S2SCTScf:FileRef>
	<S2SCTScf:RoutingInd>ALL</S2SCTScf:RoutingInd>
	<S2SCTScf:FileBusDt>2013-03-14</S2SCTScf:FileBusDt>
	<S2SCTScf:FileCycleNo>01</S2SCTScf:FileCycleNo>
	<S2SCTScf:FIToFICstmrCdtTrf xmlns="urn:iso:std:iso:20022:tech:xsd:pacs.008.001.02">
		<GrpHdr>
			<MsgId>73157471774585</MsgId>
			<CreDtTm>2013-03-14T14:18:31</CreDtTm>
			<NbOfTxs>5</NbOfTxs>
			<TtlIntrBkSttlmAmt Ccy="EUR">11763.0</TtlIntrBkSttlmAmt>
			<IntrBkSttlmDt>2012-10-18</IntrBkSttlmDt>
			<SttlmInf>
				<SttlmMtd>CLRG</SttlmMtd>
				<ClrSys>
					<Prtry>ST2</Prtry>
				</ClrSys>
			</SttlmInf>
			<InstgAgt>
				<FinInstnId>
					<BIC>ZYDOFRP0</BIC>
				</FinInstnId>
			</InstgAgt>
			<InstdAgt>
				<FinInstnId>
					<BIC>BOFADEFX</BIC>
				</FinInstnId>
			</InstdAgt>
		</GrpHdr>
   	<CdtTrfTxInf>
	<PmtId>
		<InstrId>73157630849399</InstrId>
		<EndToEndId>73157630849399</EndToEndId>
		<TxId>73157630849399</TxId>
	</PmtId>
	<PmtTpInf>
		<SvcLvl>
			<Cd>SEPA</Cd>
		</SvcLvl>
	</PmtTpInf>
	<IntrBkSttlmAmt Ccy="EUR">2383</IntrBkSttlmAmt>
	<IntrBkSttlmDt>2012-10-18</IntrBkSttlmDt>
	<InstdAmt Ccy="EUR">2383</InstdAmt>
	<ChrgBr>SLEV</ChrgBr>
	<!--<InstgAgt>
		<FinInstnId>
			<BIC>BARCDEFF</BIC>
	     </FinInstnId>
	</InstgAgt>!-->
	<UltmtDbtr>
	     <Nm>Ultimate Debtor Name</Nm>
		 <PstlAdr>
					<Ctry>DE</Ctry>
					<AdrLine>Address line of Ultimate debtor</AdrLine>
				</PstlAdr>
				<CtryOfRes>DE</CtryOfRes>
			</UltmtDbtr>
	<Dbtr>
		<Nm>IVnV GR2TestReturn</Nm>
		<PstlAdr>
			<Ctry>DE</Ctry>
			<AdrLine>dbtr name adrees</AdrLine>
		</PstlAdr>
		<Id>
			<OrgId>
				<BICOrBEI>BARCDEFFXXX</BICOrBEI>
			</OrgId>
		</Id>
	</Dbtr>
	<DbtrAcct>
		<Id>
			<IBAN>DE33290700240105668800</IBAN>
		</Id>
	</DbtrAcct>
	<DbtrAgt>
		<FinInstnId>
			<BIC>ZYDOFRP0XXX</BIC>
		</FinInstnId>
	</DbtrAgt>
	<CdtrAgt>
		<FinInstnId>
			<BIC>BOFADEFX</BIC>
		</FinInstnId>
	</CdtrAgt>
	<Cdtr>
		<Nm>Fundtech Greece</Nm>
		<PstlAdr>
			<Ctry>DE</Ctry>
			<AdrLine>dbtr name adrees</AdrLine>
		</PstlAdr>
	</Cdtr>
	<CdtrAcct>
		<Id>
			<IBAN>DE31680900000015217413</IBAN>
		</Id>
	</CdtrAcct>
	<UltmtCdtr>
				<Nm>Ultimate Creditor nm</Nm>
				<PstlAdr>
					<Ctry>DE</Ctry>
					<AdrLine>Address line of Ulimate creditor</AdrLine>
				</PstlAdr>
				<CtryOfRes>DE</CtryOfRes>
			</UltmtCdtr>
			<InstrForCdtrAgt>
			<Cd>TELB</Cd>
			<InstrInf>Value from Ul.Creditor InstrInf</InstrInf>
			</InstrForCdtrAgt>
			<RmtInf>
			<Ustrd>Unstructured Information</Ustrd>
			</RmtInf>
</CdtTrfTxInf>	<CdtTrfTxInf>
	<PmtId>
		<InstrId>73157631008534</InstrId>
		<EndToEndId>73157631008534</EndToEndId>
		<TxId>73157631008534</TxId>
	</PmtId>
	<PmtTpInf>
		<SvcLvl>
			<Cd>SEPA</Cd>
		</SvcLvl>
	</PmtTpInf>
	<IntrBkSttlmAmt Ccy="EUR">135</IntrBkSttlmAmt>
	<IntrBkSttlmDt>2012-10-18</IntrBkSttlmDt>
	<InstdAmt Ccy="EUR">135</InstdAmt>
	<ChrgBr>SLEV</ChrgBr>
	<!--<InstgAgt>
		<FinInstnId>
			<BIC>BARCDEFF</BIC>
	     </FinInstnId>
	</InstgAgt>!-->
	<UltmtDbtr>
	     <Nm>Ultimate Debtor Name</Nm>
		 <PstlAdr>
					<Ctry>DE</Ctry>
					<AdrLine>Address line of Ultimate debtor</AdrLine>
				</PstlAdr>
				<CtryOfRes>DE</CtryOfRes>
			</UltmtDbtr>
	<Dbtr>
		<Nm>IVnV GR2TestReturn</Nm>
		<PstlAdr>
			<Ctry>DE</Ctry>
			<AdrLine>dbtr name adrees</AdrLine>
		</PstlAdr>
		<Id>
			<OrgId>
				<BICOrBEI>BARCDEFFXXX</BICOrBEI>
			</OrgId>
		</Id>
	</Dbtr>
	<DbtrAcct>
		<Id>
			<IBAN>DE33290700240105668800</IBAN>
		</Id>
	</DbtrAcct>
	<DbtrAgt>
		<FinInstnId>
			<BIC>ZYDOFRP0XXX</BIC>
		</FinInstnId>
	</DbtrAgt>
	<CdtrAgt>
		<FinInstnId>
			<BIC>BOFADEFX</BIC>
		</FinInstnId>
	</CdtrAgt>
	<Cdtr>
		<Nm>Fundtech Greece</Nm>
		<PstlAdr>
			<Ctry>DE</Ctry>
			<AdrLine>dbtr name adrees</AdrLine>
		</PstlAdr>
	</Cdtr>
	<CdtrAcct>
		<Id>
			<IBAN>DE31680900000015217413</IBAN>
		</Id>
	</CdtrAcct>
	<UltmtCdtr>
				<Nm>Ultimate Creditor nm</Nm>
				<PstlAdr>
					<Ctry>DE</Ctry>
					<AdrLine>Address line of Ulimate creditor</AdrLine>
				</PstlAdr>
				<CtryOfRes>DE</CtryOfRes>
			</UltmtCdtr>
			<InstrForCdtrAgt>
			<Cd>TELB</Cd>
			<InstrInf>Value from Ul.Creditor InstrInf</InstrInf>
			</InstrForCdtrAgt>
			<RmtInf>
			<Ustrd>Unstructured Information</Ustrd>
			</RmtInf>
</CdtTrfTxInf>	<CdtTrfTxInf>
	<PmtId>
		<InstrId>73157631132685</InstrId>
		<EndToEndId>73157631132685</EndToEndId>
		<TxId>73157631132685</TxId>
	</PmtId>
	<PmtTpInf>
		<SvcLvl>
			<Cd>SEPA</Cd>
		</SvcLvl>
	</PmtTpInf>
	<IntrBkSttlmAmt Ccy="EUR">867</IntrBkSttlmAmt>
	<IntrBkSttlmDt>2012-10-18</IntrBkSttlmDt>
	<InstdAmt Ccy="EUR">867</InstdAmt>
	<ChrgBr>SLEV</ChrgBr>
	<!--<InstgAgt>
		<FinInstnId>
			<BIC>BARCDEFF</BIC>
	     </FinInstnId>
	</InstgAgt>!-->
	<UltmtDbtr>
	     <Nm>Ultimate Debtor Name</Nm>
		 <PstlAdr>
					<Ctry>DE</Ctry>
					<AdrLine>Address line of Ultimate debtor</AdrLine>
				</PstlAdr>
				<CtryOfRes>DE</CtryOfRes>
			</UltmtDbtr>
	<Dbtr>
		<Nm>IVnV GR2TestReturn</Nm>
		<PstlAdr>
			<Ctry>DE</Ctry>
			<AdrLine>dbtr name adrees</AdrLine>
		</PstlAdr>
		<Id>
			<OrgId>
				<BICOrBEI>BARCDEFFXXX</BICOrBEI>
			</OrgId>
		</Id>
	</Dbtr>
	<DbtrAcct>
		<Id>
			<IBAN>DE33290700240105668800</IBAN>
		</Id>
	</DbtrAcct>
	<DbtrAgt>
		<FinInstnId>
			<BIC>ZYDOFRP0XXX</BIC>
		</FinInstnId>
	</DbtrAgt>
	<CdtrAgt>
		<FinInstnId>
			<BIC>BOFADEFX</BIC>
		</FinInstnId>
	</CdtrAgt>
	<Cdtr>
		<Nm>Fundtech Greece</Nm>
		<PstlAdr>
			<Ctry>DE</Ctry>
			<AdrLine>dbtr name adrees</AdrLine>
		</PstlAdr>
	</Cdtr>
	<CdtrAcct>
		<Id>
			<IBAN>DE31680900000015217413</IBAN>
		</Id>
	</CdtrAcct>
	<UltmtCdtr>
				<Nm>Ultimate Creditor nm</Nm>
				<PstlAdr>
					<Ctry>DE</Ctry>
					<AdrLine>Address line of Ulimate creditor</AdrLine>
				</PstlAdr>
				<CtryOfRes>DE</CtryOfRes>
			</UltmtCdtr>
			<InstrForCdtrAgt>
			<Cd>TELB</Cd>
			<InstrInf>Value from Ul.Creditor InstrInf</InstrInf>
			</InstrForCdtrAgt>
			<RmtInf>
			<Ustrd>Unstructured Information</Ustrd>
			</RmtInf>
</CdtTrfTxInf>	<CdtTrfTxInf>
	<PmtId>
		<InstrId>73157631243184</InstrId>
		<EndToEndId>73157631243184</EndToEndId>
		<TxId>73157631243184</TxId>
	</PmtId>
	<PmtTpInf>
		<SvcLvl>
			<Cd>SEPA</Cd>
		</SvcLvl>
	</PmtTpInf>
	<IntrBkSttlmAmt Ccy="EUR">4592</IntrBkSttlmAmt>
	<IntrBkSttlmDt>2012-10-18</IntrBkSttlmDt>
	<InstdAmt Ccy="EUR">4592</InstdAmt>
	<ChrgBr>SLEV</ChrgBr>
	<!--<InstgAgt>
		<FinInstnId>
			<BIC>BARCDEFF</BIC>
	     </FinInstnId>
	</InstgAgt>!-->
	<UltmtDbtr>
	     <Nm>Ultimate Debtor Name</Nm>
		 <PstlAdr>
					<Ctry>DE</Ctry>
					<AdrLine>Address line of Ultimate debtor</AdrLine>
				</PstlAdr>
				<CtryOfRes>DE</CtryOfRes>
			</UltmtDbtr>
	<Dbtr>
		<Nm>IVnV GR2TestReturn</Nm>
		<PstlAdr>
			<Ctry>DE</Ctry>
			<AdrLine>dbtr name adrees</AdrLine>
		</PstlAdr>
		<Id>
			<OrgId>
				<BICOrBEI>BARCDEFFXXX</BICOrBEI>
			</OrgId>
		</Id>
	</Dbtr>
	<DbtrAcct>
		<Id>
			<IBAN>DE33290700240105668800</IBAN>
		</Id>
	</DbtrAcct>
	<DbtrAgt>
		<FinInstnId>
			<BIC>ZYDOFRP0XXX</BIC>
		</FinInstnId>
	</DbtrAgt>
	<CdtrAgt>
		<FinInstnId>
			<BIC>BOFADEFX</BIC>
		</FinInstnId>
	</CdtrAgt>
	<Cdtr>
		<Nm>Fundtech Greece</Nm>
		<PstlAdr>
			<Ctry>DE</Ctry>
			<AdrLine>dbtr name adrees</AdrLine>
		</PstlAdr>
	</Cdtr>
	<CdtrAcct>
		<Id>
			<IBAN>DE31680900000015217413</IBAN>
		</Id>
	</CdtrAcct>
	<UltmtCdtr>
				<Nm>Ultimate Creditor nm</Nm>
				<PstlAdr>
					<Ctry>DE</Ctry>
					<AdrLine>Address line of Ulimate creditor</AdrLine>
				</PstlAdr>
				<CtryOfRes>DE</CtryOfRes>
			</UltmtCdtr>
			<InstrForCdtrAgt>
			<Cd>TELB</Cd>
			<InstrInf>Value from Ul.Creditor InstrInf</InstrInf>
			</InstrForCdtrAgt>
			<RmtInf>
			<Ustrd>Unstructured Information</Ustrd>
			</RmtInf>
</CdtTrfTxInf>	<CdtTrfTxInf>
	<PmtId>
		<InstrId>73157631363922</InstrId>
		<EndToEndId>73157631363922</EndToEndId>
		<TxId>73157631363922</TxId>
	</PmtId>
	<PmtTpInf>
		<SvcLvl>
			<Cd>SEPA</Cd>
		</SvcLvl>
	</PmtTpInf>
	<IntrBkSttlmAmt Ccy="EUR">3786</IntrBkSttlmAmt>
	<IntrBkSttlmDt>2012-10-18</IntrBkSttlmDt>
	<InstdAmt Ccy="EUR">3786</InstdAmt>
	<ChrgBr>SLEV</ChrgBr>
	<!--<InstgAgt>
		<FinInstnId>
			<BIC>BARCDEFF</BIC>
	     </FinInstnId>
	</InstgAgt>!-->
	<UltmtDbtr>
	     <Nm>Ultimate Debtor Name</Nm>
		 <PstlAdr>
					<Ctry>DE</Ctry>
					<AdrLine>Address line of Ultimate debtor</AdrLine>
				</PstlAdr>
				<CtryOfRes>DE</CtryOfRes>
			</UltmtDbtr>
	<Dbtr>
		<Nm>IVnV GR2TestReturn</Nm>
		<PstlAdr>
			<Ctry>DE</Ctry>
			<AdrLine>dbtr name adrees</AdrLine>
		</PstlAdr>
		<Id>
			<OrgId>
				<BICOrBEI>BARCDEFFXXX</BICOrBEI>
			</OrgId>
		</Id>
	</Dbtr>
	<DbtrAcct>
		<Id>
			<IBAN>DE33290700240105668800</IBAN>
		</Id>
	</DbtrAcct>
	<DbtrAgt>
		<FinInstnId>
			<BIC>ZYDOFRP0XXX</BIC>
		</FinInstnId>
	</DbtrAgt>
	<CdtrAgt>
		<FinInstnId>
			<BIC>BOFADEFX</BIC>
		</FinInstnId>
	</CdtrAgt>
	<Cdtr>
		<Nm>Fundtech Greece</Nm>
		<PstlAdr>
			<Ctry>DE</Ctry>
			<AdrLine>dbtr name adrees</AdrLine>
		</PstlAdr>
	</Cdtr>
	<CdtrAcct>
		<Id>
			<IBAN>DE31680900000015217413</IBAN>
		</Id>
	</CdtrAcct>
	<UltmtCdtr>
				<Nm>Ultimate Creditor nm</Nm>
				<PstlAdr>
					<Ctry>DE</Ctry>
					<AdrLine>Address line of Ulimate creditor</AdrLine>
				</PstlAdr>
				<CtryOfRes>DE</CtryOfRes>
			</UltmtCdtr>
			<InstrForCdtrAgt>
			<Cd>TELB</Cd>
			<InstrInf>Value from Ul.Creditor InstrInf</InstrInf>
			</InstrForCdtrAgt>
			<RmtInf>
			<Ustrd>Unstructured Information</Ustrd>
			</RmtInf>
</CdtTrfTxInf>
	</S2SCTScf:FIToFICstmrCdtTrf>
</S2SCTScf:SCTScfBlkCredTrf>
