<FndtMsg xmlns="http://fundtech.com/SCL/CommonTypes">
  <Header>
    <contextName>SanctionsPre</contextName>
    <credentials>
      <UserID>EPE</UserID>
      <Role>EPE</Role>
    </credentials>
    <D_SKIP_PERSIST_ON_ERROR>true</D_SKIP_PERSIST_ON_ERROR>
    <Workflow>SWIFT</Workflow>
    <P_MID>GACSF41092KB010G</P_MID>
    <deliveryTimestamp>2016-12-28T00:41:21.455+02:00</deliveryTimestamp>
    <P_INIT_SRC_ID>GPP</P_INIT_SRC_ID>
    <EventId>GACSF41213NB1G0N</EventId>
  </Header>
  <Msg>
    <Pmnt>
      <Document xmlns="urn:iso:std:iso:20022:tech:xsd:pacs.008.001.06">
        <FIToFICstmrCdtTrf>
          <GrpHdr>
            <MsgId>M2016122800020010001BAAA00000010308</MsgId>
            <CreDtTm>2016-12-28T00:41:21.415</CreDtTm>
            <NbOfTxs>1</NbOfTxs>
            <TtlIntrBkSttlmAmt Ccy="USD">20.00</TtlIntrBkSttlmAmt>
            <SttlmInf>
              <ClrSys>
                <Cd>TCH</Cd>
              </ClrSys>
            </SttlmInf>
            <PmtTpInf>
              <SvcLvl>
                <Cd>URGP</Cd>
              </SvcLvl>
            </PmtTpInf>
            <InstdAgt>
              <FinInstnId>
                <ClrSysMmbId>
                  <MmbId>131000000</MmbId>
                </ClrSysMmbId>
              </FinInstnId>
            </InstdAgt>
          </GrpHdr>
          <CdtTrfTxInf>
            <PmtId>
              <InstrId>GALOR16C28154107</InstrId>
              <EndToEndId>GALOR112345678901234567816C28154107</EndToEndId>
              <TxId>GALOR16C28154107</TxId>
            </PmtId>
            <PmtTpInf>
              <InstrPrty>HIGH</InstrPrty>
             <SvcLvl>
                <Cd>SDVA</Cd>
              </SvcLvl>
              <LclInstrm>
                <Prtry>BUSINESS</Prtry>
              </LclInstrm>
            </PmtTpInf>
            <IntrBkSttlmAmt Ccy="USD">20.00</IntrBkSttlmAmt>
            <IntrBkSttlmDt>2016-11-21</IntrBkSttlmDt>
            <InstdAmt Ccy="USD">20.00</InstdAmt>
            <ChrgBr>SLEV</ChrgBr>
            <InstgAgt>
              <FinInstnId>
                <ClrSysMmbId>
                  <MmbId>020010001</MmbId>
                </ClrSysMmbId>
              </FinInstnId>
            </InstgAgt>
            <InstdAgt>
              <FinInstnId>
                <ClrSysMmbId>
                  <MmbId>131000000</MmbId>
                </ClrSysMmbId>
              </FinInstnId>
            </InstdAgt>
            <UltmtDbtr>
              <Nm>sdrfg</Nm>
              <PstlAdr>
                <AdrLine>Adr</AdrLine>
              </PstlAdr>
              <Id>
                <PrvtId>
                  <Othr>
                    <Id>Idd</Id>
                    <SchmeNm>
                      <Cd>ARNU</Cd>
                    </SchmeNm>
                  </Othr>
                </PrvtId>
              </Id>
            </UltmtDbtr>
            <InitgPty>
              <Nm>NPP DR test2 ACC</Nm>
              <Id>
                <OrgId>
                  <Othr/>
                </OrgId>
              </Id>
            </InitgPty>
            <Dbtr>
              <Nm>NCC</Nm>
            </Dbtr>
            <DbtrAcct>
              <Id>
                <Othr>
                  <Id>9999999999</Id>
                  <SchmeNm>
                    <Cd>BBAN</Cd>
                  </SchmeNm>
                  <Issr>083001</Issr>
                </Othr>
              </Id>
            </DbtrAcct>
            <DbtrAgt>
              <FinInstnId>
                <ClrSysMmbId>
                  <MmbId>020010001</MmbId>
                </ClrSysMmbId>
              </FinInstnId>
            </DbtrAgt>
            <CdtrAgt>
              <FinInstnId>
                <ClrSysMmbId>
                  <ClrSysId>
                    <Cd>USABA</Cd>
                  </ClrSysId>
                  <MmbId>131000000</MmbId>
                </ClrSysMmbId>
              </FinInstnId>
            </CdtrAgt>
            <Cdtr>
              <Nm>NPP CR test ACC</Nm>
            </Cdtr>
            <CdtrAcct>
              <Id>
                <Othr>
                  <Id>1111111111</Id>
                  <SchmeNm>
                    <Cd>BBAN</Cd>
                  </SchmeNm>
                  <Issr>123456</Issr>
                </Othr>
              </Id>
            </CdtrAcct>
            <RltdRmtInf>
              <RmtId>111</RmtId>
            </RltdRmtInf>
          </CdtTrfTxInf>
        </FIToFICstmrCdtTrf>
      </Document>
    </Pmnt>
    <Extn>
      <AuditTrail>
        <M_AUDIT_TRAIL>
          <F_AUDIT_ERROR_CODE>1001</F_AUDIT_ERROR_CODE>
          <F_AUDIT_USER_NAME>GPP</F_AUDIT_USER_NAME>
          <F_AUDIT_TIME_STAMP>2016-12-28 15:41:14.780</F_AUDIT_TIME_STAMP>
          <F_AUDIT_END_DATE>2016-12-28T00:41:14</F_AUDIT_END_DATE>
          <F_AUDIT_UPDATE_DATE>2016-12-28T00:41:14</F_AUDIT_UPDATE_DATE>
          <F_AUDIT_ZONE_CODE>EST</F_AUDIT_ZONE_CODE>
          <F_AUDIT_ERROR_PARAMS>@@CDBWAIT@@STRING@@@@,@@BIWAITQ@@STRING@@</F_AUDIT_ERROR_PARAMS>
          <F_AUDIT_IS_NEW>false</F_AUDIT_IS_NEW>
        </M_AUDIT_TRAIL>
        <M_AUDIT_TRAIL>
          <F_AUDIT_ERROR_CODE>50035</F_AUDIT_ERROR_CODE>
          <F_AUDIT_USER_NAME>GPP</F_AUDIT_USER_NAME>
          <F_AUDIT_TIME_STAMP>2016-12-28 15:41:14.779</F_AUDIT_TIME_STAMP>
          <F_AUDIT_END_DATE>2016-12-28T00:41:14</F_AUDIT_END_DATE>
          <F_AUDIT_UPDATE_DATE>2016-12-28T00:41:14</F_AUDIT_UPDATE_DATE>
          <F_AUDIT_ZONE_CODE>EST</F_AUDIT_ZONE_CODE>
          <F_AUDIT_ERROR_PARAMS>@@TCH_BI_OUT@@STRING@@@@,@@sent@@STRING@@</F_AUDIT_ERROR_PARAMS>
          <F_AUDIT_IS_NEW>false</F_AUDIT_IS_NEW>
        </M_AUDIT_TRAIL>
        <M_AUDIT_TRAIL>
          <F_AUDIT_ERROR_CODE>1001</F_AUDIT_ERROR_CODE>
          <F_AUDIT_USER_NAME>GPP</F_AUDIT_USER_NAME>
          <F_AUDIT_TIME_STAMP>2016-12-28 15:41:09.760</F_AUDIT_TIME_STAMP>
          <F_AUDIT_END_DATE>2016-12-28T00:41:09</F_AUDIT_END_DATE>
          <F_AUDIT_UPDATE_DATE>2016-12-28T00:41:09</F_AUDIT_UPDATE_DATE>
          <F_AUDIT_ZONE_CODE>EST</F_AUDIT_ZONE_CODE>
          <F_AUDIT_ERROR_PARAMS>@@(RECEIVED)@@STRING@@@@,@@CDBWAIT@@STRING@@</F_AUDIT_ERROR_PARAMS>
          <F_AUDIT_IS_NEW>false</F_AUDIT_IS_NEW>
        </M_AUDIT_TRAIL>
        <M_AUDIT_TRAIL>
          <F_AUDIT_ERROR_CODE>50035</F_AUDIT_ERROR_CODE>
          <F_AUDIT_USER_NAME>GPP</F_AUDIT_USER_NAME>
          <F_AUDIT_TIME_STAMP>2016-12-28 15:41:09.759</F_AUDIT_TIME_STAMP>
          <F_AUDIT_END_DATE>2016-12-28T00:41:09</F_AUDIT_END_DATE>
          <F_AUDIT_UPDATE_DATE>2016-12-28T00:41:09</F_AUDIT_UPDATE_DATE>
          <F_AUDIT_ZONE_CODE>EST</F_AUDIT_ZONE_CODE>
          <F_AUDIT_ERROR_PARAMS>@@TCH_RTPS_IP_CDB_OUT_DR@@STRING@@@@,@@sent@@STRING@@</F_AUDIT_ERROR_PARAMS>
          <F_AUDIT_IS_NEW>false</F_AUDIT_IS_NEW>
        </M_AUDIT_TRAIL>
        <M_AUDIT_TRAIL>
          <F_AUDIT_ERROR_CODE>40026</F_AUDIT_ERROR_CODE>
          <F_AUDIT_USER_NAME>GPP</F_AUDIT_USER_NAME>
          <F_AUDIT_TIME_STAMP>2016-12-28 15:41:09.758</F_AUDIT_TIME_STAMP>
          <F_AUDIT_END_DATE>2016-12-28T00:41:09</F_AUDIT_END_DATE>
          <F_AUDIT_UPDATE_DATE>2016-12-28T00:41:09</F_AUDIT_UPDATE_DATE>
          <F_AUDIT_ZONE_CODE>EST</F_AUDIT_ZONE_CODE>
          <F_AUDIT_ERROR_PARAMS>@@USD@@STRING@@</F_AUDIT_ERROR_PARAMS>
          <F_AUDIT_IS_NEW>false</F_AUDIT_IS_NEW>
        </M_AUDIT_TRAIL>
      </AuditTrail>
      <ProcessingPersistentInfo>
        <CreditSide>
          <P_CDT_ACCT_CCY>USD</P_CDT_ACCT_CCY>
          <P_CDT_ACCT_NB>9999999999</P_CDT_ACCT_NB>
          <P_CDT_ACCT_OFFICE>US1</P_CDT_ACCT_OFFICE>
          <P_CDT_AMT>20.00</P_CDT_AMT>
          <P_CDT_CROSS_CONV>0</P_CDT_CROSS_CONV>
          <P_CDT_CUST_CD>US1SABOFAUS2SXXX</P_CDT_CUST_CD>
          <P_CDT_MOP>TCH_RTPS</P_CDT_MOP>
          <P_CDT_TX_CD>DEF_CR</P_CDT_TX_CD>
          <P_CDT_VD>2016-11-21</P_CDT_VD>
        </CreditSide>
        <DebitSide>
          <P_DBT_ACCT_CCY>USD</P_DBT_ACCT_CCY>
          <P_DBT_ACCT_NB>9999999999</P_DBT_ACCT_NB>
          <P_DBT_ACCT_OFFICE>US1</P_DBT_ACCT_OFFICE>
          <P_DBT_AMT>20.00</P_DBT_AMT>
          <P_DBT_MOP>BOOK</P_DBT_MOP>
          <P_DBT_VD>2016-11-21</P_DBT_VD>
        </DebitSide>
        <P_BASE_AMT>20.00</P_BASE_AMT>
        <P_BASE_CCY>USD</P_BASE_CCY>
        <P_BA_CD>USB</P_BA_CD>
        <P_DEPARTMENT>USD</P_DEPARTMENT>
        <P_DESTINATION_DEPARTMENT>USD</P_DESTINATION_DEPARTMENT>
        <P_DESTINATION_OFFICE>US1</P_DESTINATION_OFFICE>
        <P_DISPLAY_MSG_TYPE>PACS008</P_DISPLAY_MSG_TYPE>
        <P_FINALIZATION_DT>2016-11-21</P_FINALIZATION_DT>
        <P_INSTR_ID>GALOR16C28154107</P_INSTR_ID>
        <P_MSG_CLASS>PAY</P_MSG_CLASS>
        <P_MSG_STS>WAIT_CONFIRMATION</P_MSG_STS>
        <P_MSG_TYPE>Pacs_008</P_MSG_TYPE>
        <P_OFFICE>US1</P_OFFICE>
        <P_ORG_INITG_PTY_CUST_CD>LOCALOFFICEUS1</P_ORG_INITG_PTY_CUST_CD>
        <P_ORIG_MSG_TYPE>Pain_001</P_ORIG_MSG_TYPE>
        <P_ORIG_STTLM_AMT>20.00</P_ORIG_STTLM_AMT>
        <P_ORIG_STTLM_CCY>USD</P_ORIG_STTLM_CCY>
        <P_ORIG_STTLM_DT>2016-11-21</P_ORIG_STTLM_DT>
        <P_PMNT_SRC>FEEDER_TCH</P_PMNT_SRC>
        <P_PROC_DT>2016-11-21</P_PROC_DT>
        <P_PRODUCT_CD>USP</P_PRODUCT_CD>
        <P_RELEASE_DT>2016-11-21</P_RELEASE_DT>
        <P_R_MSG_INDEX>GACSF41092KB010G</P_R_MSG_INDEX>
        <P_STTLM_DT_1B>2016-11-21</P_STTLM_DT_1B>
        <P_TIME_STAMP>2016-12-28 15:41:14.779</P_TIME_STAMP>
        <P_TRX_DIRECTION>O</P_TRX_DIRECTION>
        <P_TX_ID>GALOR16C28154107</P_TX_ID>
      </ProcessingPersistentInfo>
      <ProcessingTransientInfo>
        <D_DIRECT_RECEIVER_INDEX>X</D_DIRECT_RECEIVER_INDEX>
        <D_FIND_FIRST_IN_CHAIN_TYPE>Credit</D_FIND_FIRST_IN_CHAIN_TYPE>
        <D_LOAD_CUSTOMER_TYPE>Credit</D_LOAD_CUSTOMER_TYPE>
        <D_RULE_TYPE_ID>161</D_RULE_TYPE_ID>
      </ProcessingTransientInfo>
      <Monitors>
        <UserMonitors>
          <MU_COMPLIANCE_FORCE_STS>X</MU_COMPLIANCE_FORCE_STS>
          <MU_FORCE_STANDARD_VD>X</MU_FORCE_STANDARD_VD>
          <MU_HANDLE_71G_GAP>X</MU_HANDLE_71G_GAP>
          <MU_MISSED_CUTOFF>X</MU_MISSED_CUTOFF>
          <MU_NSF_FORCE_STS>X</MU_NSF_FORCE_STS>
          <MU_PARTY_LIMIT_FORCE_STS>X</MU_PARTY_LIMIT_FORCE_STS>
          <MU_PI_FORCE_STS>X</MU_PI_FORCE_STS>
          <MU_REQ_FOR_CHARGES_FORCE_STS>X</MU_REQ_FOR_CHARGES_FORCE_STS>
          <MU_SET_CDT_MOP>X</MU_SET_CDT_MOP>
          <MU_SPECIAL_INST_STS>X</MU_SPECIAL_INST_STS>
          <MU_STOP_FLAGS_OVERRIDE_STS>X</MU_STOP_FLAGS_OVERRIDE_STS>
        </UserMonitors>
        <ServiceMonitors>
          <MF_AF_MATCH_STS>X</MF_AF_MATCH_STS>
          <MF_AF_PROCESS_STS>X</MF_AF_PROCESS_STS>
          <MF_CANCEL_MATCH_STS>X</MF_CANCEL_MATCH_STS>
          <MF_CANCEL_REQUEST_VALID_STS>X</MF_CANCEL_REQUEST_VALID_STS>
          <MF_CDT_STOP_FLAGS_STS>N</MF_CDT_STOP_FLAGS_STS>
          <MF_COMPLIANCE_VALIDATION_STS>X</MF_COMPLIANCE_VALIDATION_STS>
          <MF_CRD_FEES_POSTING_STS>X</MF_CRD_FEES_POSTING_STS>
          <MF_CREDIT_POSTING_STS>X</MF_CREDIT_POSTING_STS>
          <MF_CREDIT_R_POSTING_STS>X</MF_CREDIT_R_POSTING_STS>
          <MF_DBT_FEES_POSTING_STS>X</MF_DBT_FEES_POSTING_STS>
          <MF_DBT_STOP_FLAGS_STS>N</MF_DBT_STOP_FLAGS_STS>
          <MF_DEBIT_POSTING_STS>X</MF_DEBIT_POSTING_STS>
          <MF_DEBIT_R_POSTING_STS>X</MF_DEBIT_R_POSTING_STS>
          <MF_DIRECT_COVER_GENERATED>X</MF_DIRECT_COVER_GENERATED>
          <MF_FEE_PROC_STS>P</MF_FEE_PROC_STS>
          <MF_GENERATED_ANSWER_MESSAGE>X</MF_GENERATED_ANSWER_MESSAGE>
          <MF_GENERATED_CANCEL_REQUEST>X</MF_GENERATED_CANCEL_REQUEST>
          <MF_GENERATE_REQ_CHARGES>X</MF_GENERATE_REQ_CHARGES>
          <MF_INITIAL_CREATE>X</MF_INITIAL_CREATE>
          <MF_LC_MATCH_STS>X</MF_LC_MATCH_STS>
          <MF_LC_PROCESS_STS>X</MF_LC_PROCESS_STS>
          <MF_MOP_SELECTION_STS>S</MF_MOP_SELECTION_STS>
          <MF_NUM_OF_191>X</MF_NUM_OF_191>
          <MF_NUM_OF_210>X</MF_NUM_OF_210>
          <MF_N_MESSAGES_MATCH_STS>X</MF_N_MESSAGES_MATCH_STS>
          <MF_OPIOSN_MATCH_STS>X</MF_OPIOSN_MATCH_STS>
          <MF_OUT_REQ_FOR_CHRG_MATCH_STS>X</MF_OUT_REQ_FOR_CHRG_MATCH_STS>
          <MF_PDM>X</MF_PDM>
          <MF_PISN_MATCH_STS>X</MF_PISN_MATCH_STS>
          <MF_PISN_PROCESS_STS>X</MF_PISN_PROCESS_STS>
          <MF_PNL_POSTING_STS>X</MF_PNL_POSTING_STS>
          <MF_POSTING_STS>X</MF_POSTING_STS>
          <MF_REPRESMT_NOTIF>X</MF_REPRESMT_NOTIF>
          <MF_REQ_FOR_CHARGES_MATCH_STS>X</MF_REQ_FOR_CHARGES_MATCH_STS>
          <MF_REQ_FOR_CHARGES_VALID_STS>X</MF_REQ_FOR_CHARGES_VALID_STS>
          <MF_RTN_OCCURRENCE>X</MF_RTN_OCCURRENCE>
          <MF_SC_MATCH_STS>X</MF_SC_MATCH_STS>
          <MF_SC_PROCESS_STS>X</MF_SC_PROCESS_STS>
          <MF_SPECIAL_INST_STS>X</MF_SPECIAL_INST_STS>
          <MF_TIME_HOLD>X</MF_TIME_HOLD>
        </ServiceMonitors>
      </Monitors>
      <ReferenceData>
        <M_CDT_CUST_PROFILE>
          <F_CDT_CUST_ABA>131000000</F_CDT_CUST_ABA>
          <F_CDT_CUST_COUNTRYCODE>US</F_CDT_CUST_COUNTRYCODE>
          <F_CDT_CUST_CUST_NAME>Bank of America</F_CDT_CUST_CUST_NAME>
        </M_CDT_CUST_PROFILE>
        <M_STTLM_CCY_PROFILE>
          <F_INSTR_CCY_DRAFT>false</F_INSTR_CCY_DRAFT>
          <F_INSTR_CCY_EURO>IN</F_INSTR_CCY_EURO>
        </M_STTLM_CCY_PROFILE>
        <M_DBT_MOP_PROFILE>
          <F_MOP_ALLOW_NAC_MSG>true</F_MOP_ALLOW_NAC_MSG>
          <F_MOP_CHK_DRAFT_CURRENCY>false</F_MOP_CHK_DRAFT_CURRENCY>
          <F_MOP_CURRENCY>USD</F_MOP_CURRENCY>
          <F_MOP_MAXAMOUNT>9999999999</F_MOP_MAXAMOUNT>
          <F_MOP_MINAMOUNT>1</F_MOP_MINAMOUNT>
          <F_MOP_MOPDOWN/>
          <F_MOP_NM>BOOK</F_MOP_NM>
          <F_MOP_SENDOUTMSG>true</F_MOP_SENDOUTMSG>
          <F_MOP_SEND_REC_IDCODE>USABA</F_MOP_SEND_REC_IDCODE>
          <F_MOP_SETTLEMENT_ACC>1</F_MOP_SETTLEMENT_ACC>
          <F_MOP_SETT_ACC_EXISTS>false</F_MOP_SETT_ACC_EXISTS>
          <F_MOP_SPLIT_OVER_MAX>false</F_MOP_SPLIT_OVER_MAX>
        </M_DBT_MOP_PROFILE>
        <M_CDT_MOP_PROFILE>
          <F_CDT_MOP_ALLOW_NAC_MSG>true</F_CDT_MOP_ALLOW_NAC_MSG>
          <F_CDT_MOP_CCY>USD</F_CDT_MOP_CCY>
          <F_CDT_MOP_CHK_DRAFT_CCY>false</F_CDT_MOP_CHK_DRAFT_CCY>
          <F_CDT_MOP_DOWN/>
          <F_CDT_MOP_FIN_COPY>TCH</F_CDT_MOP_FIN_COPY>
          <F_CDT_MOP_MAX_AMT>9999999999</F_CDT_MOP_MAX_AMT>
          <F_CDT_MOP_MEMBER_STL_CT_OUT/>
          <F_CDT_MOP_MIN_AMT>1.0</F_CDT_MOP_MIN_AMT>
          <F_CDT_MOP_NM>TCH_RTPS</F_CDT_MOP_NM>
          <F_CDT_MOP_SCHEME_SITL/>
          <F_CDT_MOP_SCHEME_STL_CT/>
          <F_CDT_MOP_SENDOUTMSG>true</F_CDT_MOP_SENDOUTMSG>
          <F_CDT_MOP_SEND_REC_IDCODE>USABA</F_CDT_MOP_SEND_REC_IDCODE>
          <F_CDT_MOP_SETTLEMENT_ACC>1</F_CDT_MOP_SETTLEMENT_ACC>
          <F_CDT_MOP_SETT_ACC_EXISTS>true</F_CDT_MOP_SETT_ACC_EXISTS>
          <F_CDT_MOP_SNDR_BIC>020010001</F_CDT_MOP_SNDR_BIC>
          <F_CDT_MOP_SPLIT_OVER_MAX>false</F_CDT_MOP_SPLIT_OVER_MAX>
        </M_CDT_MOP_PROFILE>
        <M_DBT_ACCOUNT>
          <F_DBT_ACCT_ACC_TYPE>NOS</F_DBT_ACCT_ACC_TYPE>
          <F_DBT_ACCT_BOOKNG_ENT>INQUIRY</F_DBT_ACCT_BOOKNG_ENT>
          <F_DBT_ACCT_EXT_ACCT_IND/>
          <F_DBT_ACCT_IS_RESIDENT/>
          <F_DBT_ACCT_STOPFLAGCR/>
          <F_DBT_ACCT_STOPFLAGDR/>
        </M_DBT_ACCOUNT>
        <M_CDT_ACCOUNT>
          <F_CDT_ACCT_ACC_TYPE>NOS</F_CDT_ACCT_ACC_TYPE>
          <F_CDT_ACCT_BOOKNG_ENT>INQUIRY</F_CDT_ACCT_BOOKNG_ENT>
          <F_CDT_ACCT_EXT_ACCT_IND/>
          <F_CDT_ACCT_IS_RESIDENT/>
          <F_CDT_ACCT_STOPFLAGCR/>
          <F_CDT_ACCT_STOPFLAGDR/>
        </M_CDT_ACCOUNT>
      </ReferenceData>
      <XMLPersistentInfo>
        <D_BAH_DATA><![CDATA[<AppHdr xmlns="urn:iso:std:iso:20022:tech:xsd:head.001.001.01">
  <Fr>
    <FIId>
      <FinInstnId>
        <ClrSysMmbId>
          <MmbId>00020010001</MmbId>
        </ClrSysMmbId>
      </FinInstnId>
    </FIId>
  </Fr>
  <To>
    <FIId>
      <FinInstnId>
        <ClrSysMmbId>
          <MmbId>00131000000</MmbId>
        </ClrSysMmbId>
      </FinInstnId>
    </FIId>
  </To>
  <BizMsgIdr>B2016122800020010001BAAA00000010308</BizMsgIdr>
  <MsgDefIdr>pacs.008.001.06</MsgDefIdr>
  <CreDt>2016-12-28T00:41:21.415</CreDt>
</AppHdr>]]></D_BAH_DATA>
        <D_1ST_IN_CDT_HOBIC_AS_RTGSBIC>false</D_1ST_IN_CDT_HOBIC_AS_RTGSBIC>
        <X_CDTR_ACCT_ID>1111111111</X_CDTR_ACCT_ID>
      </XMLPersistentInfo>
    </Extn>
  </Msg>
  <OrigMsg>
    <Pmnt>
      <Document xmlns="urn:iso:std:iso:20022:tech:xsd:pacs.008.001.06">
        <FIToFICstmrCdtTrf>
          <GrpHdr>
            <MsgId>M2016122800020010001BAAA00000010308</MsgId>
            <CreDtTm>2016-12-28T00:41:21.415</CreDtTm>
            <NbOfTxs>1</NbOfTxs>
            <TtlIntrBkSttlmAmt Ccy="USD">20.00</TtlIntrBkSttlmAmt>
            <SttlmInf>
              <ClrSys>
                <Cd>TCH</Cd>
              </ClrSys>
            </SttlmInf>
            <PmtTpInf>
              <SvcLvl>
                <Cd>URGP</Cd>
              </SvcLvl>
            </PmtTpInf>
            <InstdAgt>
              <FinInstnId>
                <ClrSysMmbId>
                  <MmbId>131000000</MmbId>
                </ClrSysMmbId>
              </FinInstnId>
            </InstdAgt>
          </GrpHdr>
          <CdtTrfTxInf>
            <PmtId>
              <InstrId>GALOR16C28154107</InstrId>
              <EndToEndId>GALOR112345678901234567816C28154107</EndToEndId>
              <TxId>GALOR16C28154107</TxId>
            </PmtId>
            <PmtTpInf>
              <InstrPrty>HIGH</InstrPrty>
              <SvcLvl>
                <Cd>SDVA</Cd>
              </SvcLvl>
              <LclInstrm>
                <Prtry>BUSINESS</Prtry>
              </LclInstrm>
            </PmtTpInf>
            <IntrBkSttlmAmt Ccy="USD">20.00</IntrBkSttlmAmt>
            <IntrBkSttlmDt>2016-11-21</IntrBkSttlmDt>
            <InstdAmt Ccy="USD">20.00</InstdAmt>
            <ChrgBr>SLEV</ChrgBr>
            <InstgAgt>
              <FinInstnId>
                <ClrSysMmbId>
                  <MmbId>020010001</MmbId>
                </ClrSysMmbId>
              </FinInstnId>
            </InstgAgt>
            <InstdAgt>
              <FinInstnId>
                <ClrSysMmbId>
                  <MmbId>131000000</MmbId>
                </ClrSysMmbId>
              </FinInstnId>
            </InstdAgt>
            <UltmtDbtr>
              <Nm>sdrfg</Nm>
              <PstlAdr>
                <AdrLine>Adr</AdrLine>
              </PstlAdr>
              <Id>
                <PrvtId>
                  <Othr>
                    <Id>Idd</Id>
                    <SchmeNm>
                      <Cd>ARNU</Cd>
                    </SchmeNm>
                  </Othr>
                </PrvtId>
              </Id>
            </UltmtDbtr>
            <InitgPty>
              <Nm>NPP DR test2 ACC</Nm>
              <Id>
                <OrgId>
                  <Othr/>
                </OrgId>
              </Id>
            </InitgPty>
            <Dbtr>
              <Nm>NCC</Nm>
            </Dbtr>
            <DbtrAcct>
              <Id>
                <Othr>
                  <Id>9999999999</Id>
                  <SchmeNm>
                    <Cd>BBAN</Cd>
                  </SchmeNm>
                  <Issr>083001</Issr>
                </Othr>
              </Id>
            </DbtrAcct>
            <DbtrAgt>
              <FinInstnId>
                <ClrSysMmbId>
                  <MmbId>020010001</MmbId>
                </ClrSysMmbId>
              </FinInstnId>
            </DbtrAgt>
            <CdtrAgt>
              <FinInstnId>
                <ClrSysMmbId>
                  <ClrSysId>
                    <Cd>USABA</Cd>
                  </ClrSysId>
                 <MmbId>131000000</MmbId>
                </ClrSysMmbId>
              </FinInstnId>
            </CdtrAgt>
            <Cdtr>
              <Nm>NPP CR test ACC</Nm>
            </Cdtr>
            <CdtrAcct>
              <Id>
                <Othr>
                  <Id>1111111111</Id>
                  <SchmeNm>
                    <Cd>BBAN</Cd>
                  </SchmeNm>
                  <Issr>123456</Issr>
                </Othr>
              </Id>
            </CdtrAcct>
            <RltdRmtInf>
              <RmtId>111</RmtId>
            </RltdRmtInf>
          </CdtTrfTxInf>
        </FIToFICstmrCdtTrf>
      </Document>
    </Pmnt>
    <Extn>
      <XMLPersistentInfo>
        <D_BAH_DATA><![CDATA[<AppHdr xmlns="urn:iso:std:iso:20022:tech:xsd:head.001.001.01">
  <Fr>
    <FIId>
      <FinInstnId>
        <ClrSysMmbId>
          <MmbId>00020010001</MmbId>
        </ClrSysMmbId>
      </FinInstnId>
    </FIId>
  </Fr>
  <To>
    <FIId>
      <FinInstnId>
        <ClrSysMmbId>
          <MmbId>00131000000</MmbId>
        </ClrSysMmbId>
      </FinInstnId>
    </FIId>
  </To>
  <BizMsgIdr>B2016122800020010001BAAA00000010308</BizMsgIdr>
  <MsgDefIdr>pacs.008.001.06</MsgDefIdr>
  <CreDt>2016-12-28T00:41:21.415</CreDt>
</AppHdr>]]></D_BAH_DATA>
        <D_1ST_IN_CDT_HOBIC_AS_RTGSBIC>false</D_1ST_IN_CDT_HOBIC_AS_RTGSBIC>
        <X_CDTR_ACCT_ID>1111111111</X_CDTR_ACCT_ID>
      </XMLPersistentInfo>
    </Extn>
  </OrigMsg>
</FndtMsg>