<Document xmlns="urn:iso:std:iso:20022:tech:xsd:pain.001.001.03">
    <CstmrCdtTrfInitn>
        <GrpHdr>
            <MsgId>72970977204814</MsgId>
            <CreDtTm>2013-03-14T14:27:06</CreDtTm>
            <NbOfTxs>5</NbOfTxs>
            <CtrlSum>21115.0</CtrlSum>
            <InitgPty>
                <Nm>InitgPty Nm</Nm>
		<PstlAdr>
				<AdrTp>ADDR</AdrTp>
				<Dept>Ini Dept</Dept>
				<SubDept>Ini SubDept</SubDept>
				<StrtNm>StrtNm</StrtNm>
				<BldgNb>BldgNb</BldgNb>
				<PstCd>Ini PstCd</PstCd>
				<TwnNm>Ini TwnNm</TwnNm>
				<CtrySubDvsn>InitgPty CtrySubDvsn</CtrySubDvsn>
				<Ctry>DE</Ctry>
				<AdrLine>Ini AdrLine1</AdrLine>
				<AdrLine>Ini AdrLine2</AdrLine>
				<AdrLine>IniAdrLine3</AdrLine>
				<AdrLine>Ini AdrLine4</AdrLine>
				<AdrLine>Ini AdrLine5</AdrLine>
		</PstlAdr>
                <Id>
                    <OrgId>
                        <Othr>
                            <Id>LOCALOFFICEDE1</Id>
                        </Othr>
                    </OrgId>
                </Id>
            </InitgPty>
        </GrpHdr>
        <PmtInf>
		<PmtInfId>72970974434237</PmtInfId>
            <PmtMtd>TRF</PmtMtd>
         <BtchBookg>true</BtchBookg>
			 <PmtTpInf>
                <SvcLvl>
                    <Cd>SEPA</Cd>
                </SvcLvl>
            </PmtTpInf>
          <ReqdExctnDt>2012-10-22</ReqdExctnDt>
            <Dbtr>
                <Nm>Dbtr Nm</Nm>
					<PstlAdr>
					<AdrTp>ADDR</AdrTp>
					<Dept>Dbtr Dept</Dept>
					<SubDept>Dbtr SubDept</SubDept>
					<StrtNm>Dbtr StrtNm</StrtNm>
					<BldgNb>Dbtr BldgNb</BldgNb>
					<PstCd>Dbtr PstCd</PstCd>
					<TwnNm>Dbtr TwnNm</TwnNm>
					<CtrySubDvsn>Dbtr CtrySubDvsn</CtrySubDvsn>
					<Ctry>DE</Ctry>
					<AdrLine>Dbtr AdrLine</AdrLine>
				</PstlAdr>
		<Id>
                    <OrgId>
                        <Othr>
                            <Id>LOCALOFFICEDE1</Id>
                        </Othr>
                    </OrgId>
                </Id>
            </Dbtr>
            <DbtrAcct>
                <Id>
                    <IBAN>DE75300700240236404000</IBAN>
                </Id>
            </DbtrAcct>
            <DbtrAgt>
   		<FinInstnId>
			<BIC>BOFADEFXXXX</BIC>
					
					<Nm>DbtrAgt Nm</Nm>
					<PstlAdr>
						<AdrTp>HOME</AdrTp>
						<Dept> DbtrAgt Dept</Dept>
						<SubDept>DbtrAgt SubDept</SubDept>
						<StrtNm>DbtrAgt StrtNm</StrtNm>
						<BldgNb>DbtrAgt BldgNb</BldgNb>
						<PstCd>DbtrAgt PstCd</PstCd>
						<TwnNm>DbtrAgt TwnNm</TwnNm>
						<CtrySubDvsn>DbtrAgt CtrySubDvsn</CtrySubDvsn>
						<Ctry>DE</Ctry>
						<AdrLine>DbtrAgt AdrLine</AdrLine>
					</PstlAdr>
					<Othr>
						<Id>12345678</Id>
						<SchmeNm>
							<Cd>CADD</Cd>
						</SchmeNm>
						<Issr>Issr</Issr>
					</Othr>
				</FinInstnId>
				<BrnchId>
					<Id>6019</Id>
					<Nm>Brnch Nm</Nm>
					<PstlAdr>
						<AdrTp>ADDR</AdrTp>
						<Dept>Brnch department</Dept>
						<SubDept>Brnch SubDept</SubDept>
						<StrtNm>Brnch StrtNm</StrtNm>
						<BldgNb>Brnch BldgNb</BldgNb>
						<PstCd>Brnch PstCd</PstCd>
						<TwnNm>Brnch TwnNm</TwnNm>
						<CtrySubDvsn>Branch CtrySubDvsn</CtrySubDvsn>
						<Ctry>DE</Ctry>
						<AdrLine>Brnch AdrLine</AdrLine>
					</PstlAdr>
				</BrnchId>
	      </DbtrAgt>
            <UltmtDbtr>
                 <Nm>UltmtDbtr Name</Nm>
                          <PstlAdr>
                               <AdrTp>BIZZ</AdrTp>
                                <Dept>UD Dept</Dept>
                                <SubDept>UD SubDept</SubDept>
                                <StrtNm>UD StrtNm</StrtNm>
                                <BldgNb>UD BldgNb</BldgNb>
                                 <PstCd>UDPstCd</PstCd>
                                 <TwnNm>UD TwnNm</TwnNm>
                                 <CtrySubDvsn>UD CtrySubDvsn</CtrySubDvsn>
                                 <Ctry>DE</Ctry>
                                 <AdrLine>UD Adr</AdrLine>
                             </PstlAdr>
                                <Id>
                                        <OrgId>
                                                <BICOrBEI>BOFADEFXXXX</BICOrBEI>
                                                <Othr>
                                                        <Id>1234566</Id>
                                                        <SchmeNm>
                                                                <Cd>CHGE</Cd>
                                                        </SchmeNm>
                                                        <Issr>UltmtDbtr Issr</Issr>
                                                </Othr>
                                        </OrgId>
                                </Id>
                                <CtryOfRes>DE</CtryOfRes>
                                <CtctDtls>
                                        <NmPrfx>DOCT</NmPrfx>
                                        <Nm>CtctDtls Name</Nm>
                                        <PhneNb>+980-386-4475</PhneNb>
                                        <MobNb>+980-386-4475</MobNb>
                                        <FaxNb>+980-386-4475</FaxNb>
                                        <EmailAdr>Email@email.com</EmailAdr>
                                        <Othr>CtctDtls Other</Othr>
                                </CtctDtls>
                        </UltmtDbtr>
          	 <CdtTrfTxInf>
	<PmtId>
		<InstrId>72971219611965</InstrId>
		<EndToEndId>72971219611965</EndToEndId>
	</PmtId>
	<Amt>
		<InstdAmt Ccy="EUR">2923</InstdAmt>
	</Amt>
	<ChrgBr>SHAR</ChrgBr>
	<CdtrAgt>
		<FinInstnId>
			<BIC>AABSDE31XXX</BIC>
			<Nm> CdtrAgt Nm</Nm>
						<PstlAdr>
							<AdrTp>ADDR</AdrTp>
							<Dept>CdtrAgt Dept</Dept>
							<SubDept>CdtrAgt SubDept</SubDept>
							<StrtNm>CA StrtNm</StrtNm>
							<BldgNb>CA bildg no 9</BldgNb>
							<PstCd>CA PstCd</PstCd>
							<TwnNm>CA TwnNm</TwnNm>
							<CtrySubDvsn>CA CtrySubDvsn</CtrySubDvsn>
							<Ctry>DE</Ctry>
							<AdrLine>CdtrAgt AdrLine</AdrLine>
						</PstlAdr>
						<Othr>
							<Id>123456785</Id>
							<SchmeNm>
								<Cd>CADD</Cd>
							</SchmeNm>
							<Issr>ISSUER 14</Issr>
						</Othr>
		</FinInstnId>
					<BrnchId>
						<Id>Brnch Id</Id>
						<Nm>Brnch Name</Nm>
						<PstlAdr>
							<AdrTp>HOME</AdrTp>
							<Dept>Brnch Dept</Dept>
							<SubDept>Brnch SubDept</SubDept>
							<StrtNm>Brnch StrtNm</StrtNm>
							<BldgNb>Brnch BldgNb</BldgNb>
							<PstCd>Brnch PstCd</PstCd>
							<TwnNm>Brnch TwnNm</TwnNm>
							<CtrySubDvsn>CtrySubDvsn</CtrySubDvsn>
							<Ctry>DE</Ctry>
							<AdrLine>Brnch AdrLine</AdrLine>
						</PstlAdr>
					</BrnchId>
					</CdtrAgt>
			
	<Cdtr>
		<Nm>Cdtr Nm</Nm>
		<PstlAdr>
			<AdrTp>ADDR</AdrTp>
			<Dept>Cdtr Dept</Dept>
			<SubDept>Cdtr SubDept</SubDept>
			<StrtNm>Cdtr StrtNm</StrtNm>
			<BldgNb>Cdtr BldgNb</BldgNb>
			<PstCd>Cdtr PstCd</PstCd>
			<TwnNm>Cdtr TwnNm</TwnNm>
			<CtrySubDvsn>CtrySubDvsn</CtrySubDvsn>
			<Ctry>DE</Ctry>
			<AdrLine>Cdtr AdrLine</AdrLine>
		</PstlAdr>
		<CtryOfRes>DE</CtryOfRes>
	</Cdtr>
	<CdtrAcct>
		<Id>
			<IBAN>FR7630004006420002627496257</IBAN>
		</Id>
	</CdtrAcct>
			<UltmtCdtr>
					<Nm>UltmtCdtr Nm</Nm>
					<PstlAdr>
						<AdrTp>HOME</AdrTp>
						<Dept>UC Dept</Dept>
						<SubDept>UC SubDept</SubDept>
						<StrtNm>UC StrtNm</StrtNm>
						<BldgNb>UC BldgNb</BldgNb>
						<PstCd>UC PstCd</PstCd>
						<TwnNm>UC TwnNm</TwnNm>
						<CtrySubDvsn>CtrySubDvsn</CtrySubDvsn>
						<Ctry>DE</Ctry>
						<AdrLine>UC AdrLine</AdrLine>
					</PstlAdr>
					<Id>
						<OrgId>
							<BICOrBEI>DRESDEFFICM</BICOrBEI>
							<Othr>
								<Id>1234566</Id>
								<SchmeNm>
									<Cd>CHGE</Cd>
								</SchmeNm>
								<Issr>UC Issr</Issr>
							</Othr>
						</OrgId>
					</Id>
					<CtryOfRes>DE</CtryOfRes>
					<CtctDtls>
						<NmPrfx>DOCT</NmPrfx>
						<Nm>CtctDtls Name</Nm>
						<PhneNb>+980-386-4475</PhneNb>
						<MobNb>+980-386-4475</MobNb>
						<FaxNb>+980-386-4475</FaxNb>
						<EmailAdr>Email@email.com</EmailAdr>
						<Othr>CtctDtls Other</Othr>
					</CtctDtls>
				</UltmtCdtr>
		<InstrForDbtrAgt>InstrForDbtrAgt</InstrForDbtrAgt>
	<RmtInf>
		<Strd>
			<RfrdDocInf>
				<Tp>
					<CdOrPrtry>
						<Cd>CINV</Cd>
					</CdOrPrtry>
				</Tp>
			</RfrdDocInf>
		</Strd>
	</RmtInf>
</CdtTrfTxInf> <CdtTrfTxInf>
	<PmtId>
		<InstrId>72971244390157</InstrId>
		<EndToEndId>72971244390157</EndToEndId>
	</PmtId>
	<Amt>
		<InstdAmt Ccy="EUR">1417</InstdAmt>
	</Amt>
	<ChrgBr>SHAR</ChrgBr>
	<CdtrAgt>
		<FinInstnId>
			<BIC>AABSDE31XXX</BIC>
			<Nm> CdtrAgt Nm</Nm>
						<PstlAdr>
							<AdrTp>ADDR</AdrTp>
							<Dept>CdtrAgt Dept</Dept>
							<SubDept>CdtrAgt SubDept</SubDept>
							<StrtNm>CA StrtNm</StrtNm>
							<BldgNb>CA bildg no 9</BldgNb>
							<PstCd>CA PstCd</PstCd>
							<TwnNm>CA TwnNm</TwnNm>
							<CtrySubDvsn>CA CtrySubDvsn</CtrySubDvsn>
							<Ctry>DE</Ctry>
							<AdrLine>CdtrAgt AdrLine</AdrLine>
						</PstlAdr>
						<Othr>
							<Id>123456785</Id>
							<SchmeNm>
								<Cd>CADD</Cd>
							</SchmeNm>
							<Issr>ISSUER 14</Issr>
						</Othr>
		</FinInstnId>
					<BrnchId>
						<Id>Brnch Id</Id>
						<Nm>Brnch Name</Nm>
						<PstlAdr>
							<AdrTp>HOME</AdrTp>
							<Dept>Brnch Dept</Dept>
							<SubDept>Brnch SubDept</SubDept>
							<StrtNm>Brnch StrtNm</StrtNm>
							<BldgNb>Brnch BldgNb</BldgNb>
							<PstCd>Brnch PstCd</PstCd>
							<TwnNm>Brnch TwnNm</TwnNm>
							<CtrySubDvsn>CtrySubDvsn</CtrySubDvsn>
							<Ctry>DE</Ctry>
							<AdrLine>Brnch AdrLine</AdrLine>
						</PstlAdr>
					</BrnchId>
					</CdtrAgt>
			
	<Cdtr>
		<Nm>Cdtr Nm</Nm>
		<PstlAdr>
			<AdrTp>ADDR</AdrTp>
			<Dept>Cdtr Dept</Dept>
			<SubDept>Cdtr SubDept</SubDept>
			<StrtNm>Cdtr StrtNm</StrtNm>
			<BldgNb>Cdtr BldgNb</BldgNb>
			<PstCd>Cdtr PstCd</PstCd>
			<TwnNm>Cdtr TwnNm</TwnNm>
			<CtrySubDvsn>CtrySubDvsn</CtrySubDvsn>
			<Ctry>DE</Ctry>
			<AdrLine>Cdtr AdrLine</AdrLine>
		</PstlAdr>
		<CtryOfRes>DE</CtryOfRes>
	</Cdtr>
	<CdtrAcct>
		<Id>
			<IBAN>FR7630004006420002627496257</IBAN>
		</Id>
	</CdtrAcct>
			<UltmtCdtr>
					<Nm>UltmtCdtr Nm</Nm>
					<PstlAdr>
						<AdrTp>HOME</AdrTp>
						<Dept>UC Dept</Dept>
						<SubDept>UC SubDept</SubDept>
						<StrtNm>UC StrtNm</StrtNm>
						<BldgNb>UC BldgNb</BldgNb>
						<PstCd>UC PstCd</PstCd>
						<TwnNm>UC TwnNm</TwnNm>
						<CtrySubDvsn>CtrySubDvsn</CtrySubDvsn>
						<Ctry>DE</Ctry>
						<AdrLine>UC AdrLine</AdrLine>
					</PstlAdr>
					<Id>
						<OrgId>
							<BICOrBEI>DRESDEFFICM</BICOrBEI>
							<Othr>
								<Id>1234566</Id>
								<SchmeNm>
									<Cd>CHGE</Cd>
								</SchmeNm>
								<Issr>UC Issr</Issr>
							</Othr>
						</OrgId>
					</Id>
					<CtryOfRes>DE</CtryOfRes>
					<CtctDtls>
						<NmPrfx>DOCT</NmPrfx>
						<Nm>CtctDtls Name</Nm>
						<PhneNb>+980-386-4475</PhneNb>
						<MobNb>+980-386-4475</MobNb>
						<FaxNb>+980-386-4475</FaxNb>
						<EmailAdr>Email@email.com</EmailAdr>
						<Othr>CtctDtls Other</Othr>
					</CtctDtls>
				</UltmtCdtr>
		<InstrForDbtrAgt>InstrForDbtrAgt</InstrForDbtrAgt>
	<RmtInf>
		<Strd>
			<RfrdDocInf>
				<Tp>
					<CdOrPrtry>
						<Cd>CINV</Cd>
					</CdOrPrtry>
				</Tp>
			</RfrdDocInf>
		</Strd>
	</RmtInf>
</CdtTrfTxInf> <CdtTrfTxInf>
	<PmtId>
		<InstrId>72971244817220</InstrId>
		<EndToEndId>72971244817220</EndToEndId>
	</PmtId>
	<Amt>
		<InstdAmt Ccy="EUR">7681</InstdAmt>
	</Amt>
	<ChrgBr>SHAR</ChrgBr>
	<CdtrAgt>
		<FinInstnId>
			<BIC>AABSDE31XXX</BIC>
			<Nm> CdtrAgt Nm</Nm>
						<PstlAdr>
							<AdrTp>ADDR</AdrTp>
							<Dept>CdtrAgt Dept</Dept>
							<SubDept>CdtrAgt SubDept</SubDept>
							<StrtNm>CA StrtNm</StrtNm>
							<BldgNb>CA bildg no 9</BldgNb>
							<PstCd>CA PstCd</PstCd>
							<TwnNm>CA TwnNm</TwnNm>
							<CtrySubDvsn>CA CtrySubDvsn</CtrySubDvsn>
							<Ctry>DE</Ctry>
							<AdrLine>CdtrAgt AdrLine</AdrLine>
						</PstlAdr>
						<Othr>
							<Id>123456785</Id>
							<SchmeNm>
								<Cd>CADD</Cd>
							</SchmeNm>
							<Issr>ISSUER 14</Issr>
						</Othr>
		</FinInstnId>
					<BrnchId>
						<Id>Brnch Id</Id>
						<Nm>Brnch Name</Nm>
						<PstlAdr>
							<AdrTp>HOME</AdrTp>
							<Dept>Brnch Dept</Dept>
							<SubDept>Brnch SubDept</SubDept>
							<StrtNm>Brnch StrtNm</StrtNm>
							<BldgNb>Brnch BldgNb</BldgNb>
							<PstCd>Brnch PstCd</PstCd>
							<TwnNm>Brnch TwnNm</TwnNm>
							<CtrySubDvsn>CtrySubDvsn</CtrySubDvsn>
							<Ctry>DE</Ctry>
							<AdrLine>Brnch AdrLine</AdrLine>
						</PstlAdr>
					</BrnchId>
					</CdtrAgt>
			
	<Cdtr>
		<Nm>Cdtr Nm</Nm>
		<PstlAdr>
			<AdrTp>ADDR</AdrTp>
			<Dept>Cdtr Dept</Dept>
			<SubDept>Cdtr SubDept</SubDept>
			<StrtNm>Cdtr StrtNm</StrtNm>
			<BldgNb>Cdtr BldgNb</BldgNb>
			<PstCd>Cdtr PstCd</PstCd>
			<TwnNm>Cdtr TwnNm</TwnNm>
			<CtrySubDvsn>CtrySubDvsn</CtrySubDvsn>
			<Ctry>DE</Ctry>
			<AdrLine>Cdtr AdrLine</AdrLine>
		</PstlAdr>
		<CtryOfRes>DE</CtryOfRes>
	</Cdtr>
	<CdtrAcct>
		<Id>
			<IBAN>FR7630004006420002627496257</IBAN>
		</Id>
	</CdtrAcct>
			<UltmtCdtr>
					<Nm>UltmtCdtr Nm</Nm>
					<PstlAdr>
						<AdrTp>HOME</AdrTp>
						<Dept>UC Dept</Dept>
						<SubDept>UC SubDept</SubDept>
						<StrtNm>UC StrtNm</StrtNm>
						<BldgNb>UC BldgNb</BldgNb>
						<PstCd>UC PstCd</PstCd>
						<TwnNm>UC TwnNm</TwnNm>
						<CtrySubDvsn>CtrySubDvsn</CtrySubDvsn>
						<Ctry>DE</Ctry>
						<AdrLine>UC AdrLine</AdrLine>
					</PstlAdr>
					<Id>
						<OrgId>
							<BICOrBEI>DRESDEFFICM</BICOrBEI>
							<Othr>
								<Id>1234566</Id>
								<SchmeNm>
									<Cd>CHGE</Cd>
								</SchmeNm>
								<Issr>UC Issr</Issr>
							</Othr>
						</OrgId>
					</Id>
					<CtryOfRes>DE</CtryOfRes>
					<CtctDtls>
						<NmPrfx>DOCT</NmPrfx>
						<Nm>CtctDtls Name</Nm>
						<PhneNb>+980-386-4475</PhneNb>
						<MobNb>+980-386-4475</MobNb>
						<FaxNb>+980-386-4475</FaxNb>
						<EmailAdr>Email@email.com</EmailAdr>
						<Othr>CtctDtls Other</Othr>
					</CtctDtls>
				</UltmtCdtr>
		<InstrForDbtrAgt>InstrForDbtrAgt</InstrForDbtrAgt>
	<RmtInf>
		<Strd>
			<RfrdDocInf>
				<Tp>
					<CdOrPrtry>
						<Cd>CINV</Cd>
					</CdOrPrtry>
				</Tp>
			</RfrdDocInf>
		</Strd>
	</RmtInf>
</CdtTrfTxInf> <CdtTrfTxInf>
	<PmtId>
		<InstrId>72971245152983</InstrId>
		<EndToEndId>72971245152983</EndToEndId>
	</PmtId>
	<Amt>
		<InstdAmt Ccy="EUR">7596</InstdAmt>
	</Amt>
	<ChrgBr>SHAR</ChrgBr>
	<CdtrAgt>
		<FinInstnId>
			<BIC>AABSDE31XXX</BIC>
			<Nm> CdtrAgt Nm</Nm>
						<PstlAdr>
							<AdrTp>ADDR</AdrTp>
							<Dept>CdtrAgt Dept</Dept>
							<SubDept>CdtrAgt SubDept</SubDept>
							<StrtNm>CA StrtNm</StrtNm>
							<BldgNb>CA bildg no 9</BldgNb>
							<PstCd>CA PstCd</PstCd>
							<TwnNm>CA TwnNm</TwnNm>
							<CtrySubDvsn>CA CtrySubDvsn</CtrySubDvsn>
							<Ctry>DE</Ctry>
							<AdrLine>CdtrAgt AdrLine</AdrLine>
						</PstlAdr>
						<Othr>
							<Id>123456785</Id>
							<SchmeNm>
								<Cd>CADD</Cd>
							</SchmeNm>
							<Issr>ISSUER 14</Issr>
						</Othr>
		</FinInstnId>
					<BrnchId>
						<Id>Brnch Id</Id>
						<Nm>Brnch Name</Nm>
						<PstlAdr>
							<AdrTp>HOME</AdrTp>
							<Dept>Brnch Dept</Dept>
							<SubDept>Brnch SubDept</SubDept>
							<StrtNm>Brnch StrtNm</StrtNm>
							<BldgNb>Brnch BldgNb</BldgNb>
							<PstCd>Brnch PstCd</PstCd>
							<TwnNm>Brnch TwnNm</TwnNm>
							<CtrySubDvsn>CtrySubDvsn</CtrySubDvsn>
							<Ctry>DE</Ctry>
							<AdrLine>Brnch AdrLine</AdrLine>
						</PstlAdr>
					</BrnchId>
					</CdtrAgt>
			
	<Cdtr>
		<Nm>Cdtr Nm</Nm>
		<PstlAdr>
			<AdrTp>ADDR</AdrTp>
			<Dept>Cdtr Dept</Dept>
			<SubDept>Cdtr SubDept</SubDept>
			<StrtNm>Cdtr StrtNm</StrtNm>
			<BldgNb>Cdtr BldgNb</BldgNb>
			<PstCd>Cdtr PstCd</PstCd>
			<TwnNm>Cdtr TwnNm</TwnNm>
			<CtrySubDvsn>CtrySubDvsn</CtrySubDvsn>
			<Ctry>DE</Ctry>
			<AdrLine>Cdtr AdrLine</AdrLine>
		</PstlAdr>
		<CtryOfRes>DE</CtryOfRes>
	</Cdtr>
	<CdtrAcct>
		<Id>
			<IBAN>FR7630004006420002627496257</IBAN>
		</Id>
	</CdtrAcct>
			<UltmtCdtr>
					<Nm>UltmtCdtr Nm</Nm>
					<PstlAdr>
						<AdrTp>HOME</AdrTp>
						<Dept>UC Dept</Dept>
						<SubDept>UC SubDept</SubDept>
						<StrtNm>UC StrtNm</StrtNm>
						<BldgNb>UC BldgNb</BldgNb>
						<PstCd>UC PstCd</PstCd>
						<TwnNm>UC TwnNm</TwnNm>
						<CtrySubDvsn>CtrySubDvsn</CtrySubDvsn>
						<Ctry>DE</Ctry>
						<AdrLine>UC AdrLine</AdrLine>
					</PstlAdr>
					<Id>
						<OrgId>
							<BICOrBEI>DRESDEFFICM</BICOrBEI>
							<Othr>
								<Id>1234566</Id>
								<SchmeNm>
									<Cd>CHGE</Cd>
								</SchmeNm>
								<Issr>UC Issr</Issr>
							</Othr>
						</OrgId>
					</Id>
					<CtryOfRes>DE</CtryOfRes>
					<CtctDtls>
						<NmPrfx>DOCT</NmPrfx>
						<Nm>CtctDtls Name</Nm>
						<PhneNb>+980-386-4475</PhneNb>
						<MobNb>+980-386-4475</MobNb>
						<FaxNb>+980-386-4475</FaxNb>
						<EmailAdr>Email@email.com</EmailAdr>
						<Othr>CtctDtls Other</Othr>
					</CtctDtls>
				</UltmtCdtr>
		<InstrForDbtrAgt>InstrForDbtrAgt</InstrForDbtrAgt>
	<RmtInf>
		<Strd>
			<RfrdDocInf>
				<Tp>
					<CdOrPrtry>
						<Cd>CINV</Cd>
					</CdOrPrtry>
				</Tp>
			</RfrdDocInf>
		</Strd>
	</RmtInf>
</CdtTrfTxInf> <CdtTrfTxInf>
	<PmtId>
		<InstrId>72971245445655</InstrId>
		<EndToEndId>72971245445655</EndToEndId>
	</PmtId>
	<Amt>
		<InstdAmt Ccy="EUR">1498</InstdAmt>
	</Amt>
	<ChrgBr>SHAR</ChrgBr>
	<CdtrAgt>
		<FinInstnId>
			<BIC>AABSDE31XXX</BIC>
			<Nm> CdtrAgt Nm</Nm>
						<PstlAdr>
							<AdrTp>ADDR</AdrTp>
							<Dept>CdtrAgt Dept</Dept>
							<SubDept>CdtrAgt SubDept</SubDept>
							<StrtNm>CA StrtNm</StrtNm>
							<BldgNb>CA bildg no 9</BldgNb>
							<PstCd>CA PstCd</PstCd>
							<TwnNm>CA TwnNm</TwnNm>
							<CtrySubDvsn>CA CtrySubDvsn</CtrySubDvsn>
							<Ctry>DE</Ctry>
							<AdrLine>CdtrAgt AdrLine</AdrLine>
						</PstlAdr>
						<Othr>
							<Id>123456785</Id>
							<SchmeNm>
								<Cd>CADD</Cd>
							</SchmeNm>
							<Issr>ISSUER 14</Issr>
						</Othr>
		</FinInstnId>
					<BrnchId>
						<Id>Brnch Id</Id>
						<Nm>Brnch Name</Nm>
						<PstlAdr>
							<AdrTp>HOME</AdrTp>
							<Dept>Brnch Dept</Dept>
							<SubDept>Brnch SubDept</SubDept>
							<StrtNm>Brnch StrtNm</StrtNm>
							<BldgNb>Brnch BldgNb</BldgNb>
							<PstCd>Brnch PstCd</PstCd>
							<TwnNm>Brnch TwnNm</TwnNm>
							<CtrySubDvsn>CtrySubDvsn</CtrySubDvsn>
							<Ctry>DE</Ctry>
							<AdrLine>Brnch AdrLine</AdrLine>
						</PstlAdr>
					</BrnchId>
					</CdtrAgt>
			
	<Cdtr>
		<Nm>Cdtr Nm</Nm>
		<PstlAdr>
			<AdrTp>ADDR</AdrTp>
			<Dept>Cdtr Dept</Dept>
			<SubDept>Cdtr SubDept</SubDept>
			<StrtNm>Cdtr StrtNm</StrtNm>
			<BldgNb>Cdtr BldgNb</BldgNb>
			<PstCd>Cdtr PstCd</PstCd>
			<TwnNm>Cdtr TwnNm</TwnNm>
			<CtrySubDvsn>CtrySubDvsn</CtrySubDvsn>
			<Ctry>DE</Ctry>
			<AdrLine>Cdtr AdrLine</AdrLine>
		</PstlAdr>
		<CtryOfRes>DE</CtryOfRes>
	</Cdtr>
	<CdtrAcct>
		<Id>
			<IBAN>FR7630004006420002627496257</IBAN>
		</Id>
	</CdtrAcct>
			<UltmtCdtr>
					<Nm>UltmtCdtr Nm</Nm>
					<PstlAdr>
						<AdrTp>HOME</AdrTp>
						<Dept>UC Dept</Dept>
						<SubDept>UC SubDept</SubDept>
						<StrtNm>UC StrtNm</StrtNm>
						<BldgNb>UC BldgNb</BldgNb>
						<PstCd>UC PstCd</PstCd>
						<TwnNm>UC TwnNm</TwnNm>
						<CtrySubDvsn>CtrySubDvsn</CtrySubDvsn>
						<Ctry>DE</Ctry>
						<AdrLine>UC AdrLine</AdrLine>
					</PstlAdr>
					<Id>
						<OrgId>
							<BICOrBEI>DRESDEFFICM</BICOrBEI>
							<Othr>
								<Id>1234566</Id>
								<SchmeNm>
									<Cd>CHGE</Cd>
								</SchmeNm>
								<Issr>UC Issr</Issr>
							</Othr>
						</OrgId>
					</Id>
					<CtryOfRes>DE</CtryOfRes>
					<CtctDtls>
						<NmPrfx>DOCT</NmPrfx>
						<Nm>CtctDtls Name</Nm>
						<PhneNb>+980-386-4475</PhneNb>
						<MobNb>+980-386-4475</MobNb>
						<FaxNb>+980-386-4475</FaxNb>
						<EmailAdr>Email@email.com</EmailAdr>
						<Othr>CtctDtls Other</Othr>
					</CtctDtls>
				</UltmtCdtr>
		<InstrForDbtrAgt>InstrForDbtrAgt</InstrForDbtrAgt>
	<RmtInf>
		<Strd>
			<RfrdDocInf>
				<Tp>
					<CdOrPrtry>
						<Cd>CINV</Cd>
					</CdOrPrtry>
				</Tp>
			</RfrdDocInf>
		</Strd>
	</RmtInf>
</CdtTrfTxInf> 
	</PmtInf>
	</CstmrCdtTrfInitn>
</Document>
